2774 4152
169 1195 247 1250 [Aije]
283 1193 285 1198 '
436 1180 580 1240 ECKIVS
602 1180 847 1239 DEDOLATVS.

263 1345 406 1404 Eekius.
431 1344 455 1402 0
471 1361 575 1417 magne
591 1343 706 1416 Olympi
722 1350 820 1402 rector
843 1350 872 1402 et
894 1346 994 1403 mundi
1009 1346 1129 1417 arbiter,

310 1439 373 1497 lam
396 1444 491 1497 statue
515 1439 634 1496 tandem
656 1439 792 1511 gravibus
816 1441 961 1497 aerumnis
984 1441 1109 1500 modum.

222 1534 298 1604 Quid
325 1535 401 1592 enim
427 1535 457 1590 in
480 1534 569 1590 tantis
592 1533 674 1591 malis
702 1533 781 1590 aliud
804 1551 921 1606 agerem
944 1551 1029 1608 quam
1056 1553 1131 1615 τρα-

187 1648 201 1690 a
222 1623 358 1703 ywdstv‘?
382 1629 443 1685 Aut
465 1632 510 1685 est
531 1625 812 1700 paratragoediare?

312 1723 335 1781 0
359 1722 451 1795 qualis
474 1726 571 1780 crater
592 1722 725 1780 Aetnaeo
748 1723 815 1794 igne
838 1721 963 1780 refertus

312 1817 370 1875 Per
391 1815 542 1874 adflictum
563 1816 634 1872 mihi
658 1821 687 1873 et
709 1816 906 1874 miserandum
930 1835 1034 1890 eorpus

311 1911 436 1968 Summis
459 1927 477 1968 a
499 1910 632 1968 manibus
655 1911 685 1967 in
708 1911 781 1968 imos
804 1917 940 1984 penetrat
962 1913 1053 1984 pedes

310 2006 390 2063 Tabe
413 2003 545 2062 malefico
568 2003 691 2077 bilisque
714 2022 815 2063 umore
841 2006 955 2064 amaro!

312 2100 387 2170 Quin
409 2099 475 2156 imis
498 2099 658 2156 visceribus
683 2117 823 2157 succensa
847 2101 938 2156 currit
959 2100 1021 2158 lues

311 2195 449 2251 Flammis
473 2193 608 2250 violentis
633 2210 749 2250 earnem
772 2194 847 2251 hane
870 2194 1040 2266 depascens,

311 2287 378 2358 Pro,
396 2305 481 2360 quam
493 2305 612 2345 saevum
627 2288 683 2345 hoe
698 2288 805 2346 malum
820 2287 878 2346 est!
896 2287 1020 2346 Incaluit
1031 2289 1133 2374 ardon

312 2382 377 2439 Vrit
399 2382 498 2450 fibras,
522 2381 589 2439 felle
613 2383 723 2440 siccate
747 2383 832 2440 ardet
854 2384 943 2452 ieeur,

312 2477 346 2533 In
368 2482 448 2534 artus
471 2477 563 2548 pestis
587 2481 616 2532 et
640 2493 706 2533 ossa
729 2477 802 2534 haec
826 2477 889 2534 dira
912 2478 1023 2536 incidit.

171 2591 199 2632 15
312 2570 387 2641 Heu,
404 2571 471 2640 heu,
485 2571 591 2627 malum
606 2571 663 2627 hoe
675 2576 810 2638 taetrum,
824 2577 927 2630 aestuo
940 2576 1019 2630 totus
1031 2573 1129 2631 miser.

157 2685 159 2688 ·
221 2666 311 2736 Cede,
326 2683 407 2737 puer,
426 2664 610 2723 cantharum!
634 2664 803 2722 Exhaustus
820 2671 877 2738 est3
901 2667 1008 2724 iterum
1030 2668 1131 2739 imple!

220 2761 332 2818 Iterum
359 2760 538 2828 cantharum,
574 2759 636 2828 tibi,
671 2775 752 2830 puer,
790 2761 864 2830 dieo,
900 2761 1005 2818 iterum
1038 2762 1133 2834 reple!

223 2851 385 2910 Cessasne‘?
409 2854 519 2912 Iterum
542 2853 629 2911 aede!
654 2852 677 2911 Ο
701 2855 764 2925 quis
788 2855 902 2922 Hister,
931 2873 947 2913 0
972 2856 1034 2928 quis
1058 2857 1133 2914 Rhe-

224 2963 277 3003 nus
310 2963 389 3005 meos
424 2949 623 3019 exstingueret
659 2946 803 3018 vapores?
847 2948 923 3019 Quin
958 2967 1011 3007 nec
1048 2956 1134 3022 pater

173 3058 203 3100 ae
225 3039 357 3098 Oceanus
380 3041 451 3112 ipse.

266 3133 365 3192 Puer.
390 3135 431 3191 At
453 3139 497 3204 tu,
522 3136 606 3208 here,
631 3142 738 3208 quanto
761 3137 825 3209 plus
848 3137 938 3206 bibis,
963 3143 1045 3195 tantu
1068 3139 1133 3211 plus

223 3229 301 3302 sitis;
327 3227 396 3300 quid
419 3228 494 3286 enim
508 3229 637 3302 Lyaeum
652 3230 752 3303 Lyaeo
769 3232 1037 3304 superingurgitans
1054 3233 1133 3291 aliud

223 3325 294 3396 agis,
320 3340 406 3396 quam
429 3323 506 3396 quod
528 3323 674 3382 flammam
695 3326 761 3397 igne
789 3326 974 3397 exstinguere
998 3325 1132 3385 conaris?

222 3417 306 3487 Quod
330 3418 355 3474 si
377 3423 406 3475 te
429 3417 540 3490 liquore
556 3436 629 3490 pure
653 3425 683 3476 et
703 3437 720 3476 a
740 3419 882 3477 Semeleia
897 3421 978 3490 prole
1003 3422 1134 3479 seiuncta

169 3529 198 3571 25
221 3511 439 3585 refrigerasseS‚
474 3530 528 3570 nee
555 3519 587 3570 tu
612 3514 655 3570 ita
682 3519 841 3582 aestuares
870 3531 924 3572 nec
958 3531 1011 3587 ego
1046 3516 1133 3574 hodie

221 3607 392 3667 cantharum
413 3607 591 3680 porrigendo
618 3607 692 3665 adeo
717 3606 893 3680 defatigatus
918 3625 1020 3666 essem.
1083 3650 1086 3655 -

200 3712 240 3744 nat.
251 3712 432 3746 nrtararuraeuum.
443 3711 458 3744 a
963 3709 978 3759 1
