2774 4152
230 195 266 251 12
552 202 663 248 scmus
685 202 876 248 annonarvs.

289 381 415 439 bustiori
441 385 559 438 vectore
586 379 725 436 utendum
753 380 817 436 erit.
847 378 968 436 Hircum
993 379 1092 451 itaque
1122 379 1203 436 illum

290 477 429 548 pilosum,
458 475 598 545 vetulum,
625 474 677 532 sed
703 474 880 531 valentulum
901 473 1071 532 inscendam
1094 478 1125 531 et
1145 473 1204 531 iam

289 570 373 639 abeo,
397 575 430 627 ut
451 569 588 641 pabulum
609 569 651 625 illi
674 585 831 641 apponam,
859 585 914 641 quo
937 569 1069 640 vegetior
1090 573 1203 626 tantum

289 665 402 722 itineris
426 664 576 722 exantlare
599 664 702 721 valeat.

253 788 267 828 o
331 767 473 835 Eckius,
496 764 555 822 Abi
569 765 672 838 igitur,
688 765 813 837 epistola
828 765 904 823 euim
919 765 1034 837 signata
1050 763 1203 822 confestim

289 863 327 920 ad
349 867 379 919 te
402 859 559 918 deferetur.
585 858 721 918 Ceterum
744 858 867 918 obsecro
890 865 933 930 te,
963 876 1080 917 resecro
1104 864 1146 929 tc,
1170 864 1203 916 ut

289 957 402 1014 naviter
425 959 529 1012 cuncta
551 971 630 1026 agas.

331 1057 491 1115 Canidia.
516 1056 635 1113 Faciam
657 1055 688 1112 id
711 1056 821 1114 sedulo.
846 1055 905 1114 Sed
928 1056 975 1114 eui
997 1056 1122 1128 epistola
1137 1073 1203 1114 con-

289 1151 432 1224 signanda
454 1148 530 1208 erit?

241 1273 269 1315 10
334 1254 476 1312 Ecliius.
501 1253 604 1311 Rubeo
627 1270 701 1324 meo,
726 1253 775 1326 qui
798 1270 862 1312 eam
885 1253 954 1312 dein
974 1252 1108 1326 patribus
1136 1270 1203 1327 con-

290 1349 406 1420 scriptis
429 1348 671 1421 repraesentabit.

332 1451 495 1510 Canidia.
520 1449 644 1510 Rubeo?
679 1451 829 1524 Inanilogo
853 1451 903 1521 illi,
939 1451 1062 1521 caudici,
1098 1452 1200 1523 stipiti,

290 1547 372 1604 asino
395 1547 541 1619 plumbeo,
574 1547 623 1620 qui
649 1563 708 1604 non
729 1547 793 1618 plus
821 1546 982 1618 sapientiae
1005 1546 1095 1604 babet
1117 1563 1202 1619 quam

289 1638 385 1713 lapis?

242 1763 269 1805 15
333 1743 476 1802 Eclrius.
500 1742 643 1814 Linguam
665 1741 789 1809 refrena,
814 1759 881 1800 nam
902 1759 983 1800 meus
1007 1749 1060 1802 est.

333 1845 495 1904 Canidia.
520 1846 599 1902 Tuus
623 1846 670 1915 sit,
700 1845 768 1902 dum
795 1862 876 1903 meus
899 1863 957 1904 non
980 1847 1027 1904 sit.
1063 1845 1122 1905 Sed
1143 1847 1202 1904 ianr

289 1941 387 1999 itineri
409 1957 455 1998 me
479 1941 608 2012 accinge.
632 1973 674 1980 -—

331 2044 472 2102 Eckius.
497 2043 575 2101 Ecce
597 2043 723 2100 litterae.

332 2145 492 2205 Canidia.
516 2145 597 2204 Bene
621 2150 674 2204 est.
698 2146 801 2216 Evolo,
819 2146 849 2203 in
864 2146 954 2203 ultum
969 2146 1064 2204 tollor.
1082 2147 1201 2204 —Iam

237 2258 266 2301 20
288 2240 418 2313 Lipsiam
440 2241 573 2314 inspicio.
597 2239 840 2298 Descendendum
863 2245 917 2310 est,
941 2257 978 2299 ne
1000 2241 1143 2299 haeretiei
1158 2242 1201 2299 illi

288 2336 422 2408 magistri
444 2353 491 2394 me
513 2335 633 2394 videant
655 2351 690 2393 ae
713 2335 749 2393 de
771 2335 888 2393 haeresi
909 2351 955 2392 me
978 2336 1138 2408 inquirant,
1171 2337 1202 2394 in

287 2434 372 2502 prato
400 2430 491 2502 igitur
513 2430 569 2488 hoe
595 2428 702 2488 florido
729 2434 876 2488 vectorem
903 2430 1077 2503 relinquam,
1106 2436 1139 2488 ut
1160 2431 1202 2488 in-

288 2524 387 2591 terim,
416 2524 485 2582 dum
512 2525 644 2594 redeam,
679 2523 778 2582 herbis
807 2524 852 2581 his
886 2523 1043 2582 odoriferis
1070 2529 1202 2583 ventrem

289 2618 447 2676 distendat.
473 2617 600 2676 Pedibus
614 2635 682 2676 vero
699 2619 729 2675 in
745 2619 892 2676 civitatem
906 2635 1006 2691 pergo.
1020 2654 1062 2660 —
1074 2619 1199 2690 Salvete,

237 2732 266 2775 aa
288 2717 439 2786 portarum
462 2712 608 2770 custodes.
637 2713 714 2770 Num
736 2712 807 2769 mihi
829 2713 959 2771 indicare
981 2715 1114 2786 potestis,
1139 2713 1201 2771 ubi-

245 2846 253 2863 .
287 2824 354 2865 nam
377 2806 496 2865 Rubeus
519 2807 645 2880 quidam,
669 2807 715 2864 vir
736 2807 918 2877 sacerrimus,
943 2805 1077 2866 habitat?

331 2909 517 2968 Custodes.
558 2909 684 2968 Carnam
717 2908 853 2983 quaeris?
890 2911 966 2969 Nam
999 2917 1030 2970 et
1061 2911 1092 2969 id
1125 2911 1200 2970 scire

288 3005 387 3064 refert.

332 3106 491 3166 Canidia.
515 3107 644 3167 Litteras
668 3108 706 3166 ad
729 3125 794 3167 eum
816 3107 889 3168 sero.

237 3227 266 3269 eo
332 3208 519 3267 Custodes.
542 3209 623 3268 Bene
646 3215 699 3268 est.
725 3209 797 3268 Cum
812 3211 936 3282 primum
951 3210 1052 3270 urbem
1067 3211 1200 3284 ingressa

286 3301 377 3361 fueris
400 3319 435 3362 ac
457 3321 615 3376 parumper
636 3305 825 3376 processeris
849 3305 888 3364 ad
909 3305 1022 3363 laevam
1045 3305 1198 3379 divertit0;

288 3398 356 3456 inde
390 3416 455 3456 cum
487 3415 541 3472 per
575 3399 759 3472 angiportum
785 3400 949 3471 proximum
982 3400 1137 3458 intraveris
1165 3416 1200 3458 ac

224 3501 299 3557 [Bija]
316 3492 502 3550 dextrorsum
517 3492 644 3563 flexeris,
668 3494 699 3550 in
713 3494 847 3566 proxima
862 3491 1015 3572 habiltare
1037 3495 1203 3566 proseucha

287 3586 433 3645 hominem
455 3587 595 3646 invenies
