2774 4152
545 182 656 227 ECKlVS
679 182 869 228 DEDOLATVS.

326 355 468 413 Eckius.
494 355 648 427 Confidite,
665 359 720 415 viri
737 359 892 427 daemonii,
910 355 999 434 οἶμαι
1011 354 1082 436 γὰρ,
1096 354 1194 434 οἶμαι,

284 444 342 517 ξὺν
364 445 432 528 θεῷ
456 444 484 507 d‘
508 447 671 531 εἰρήσεται,
700 453 746 510 vel
768 453 853 511 unica
876 453 949 511 hora
977 454 1015 511 ad
1039 454 1104 511 illos
1128 454 1197 512 scri-

283 543 353 602 bere
378 550 407 602 et
429 546 535 603 iterum
557 549 777 619 responsionem
800 549 932 620 accipere
958 565 1054 619 posse.

329 657 453 714 Amici.
474 651 511 714 Ὠ
529 653 599 726 ’ναξ
616 652 774 716 Ἄπολλον
796 658 849 716 καὶ
873 657 954 727 θεοί,
980 660 1037 716 nisi
1060 677 1096 717 ex
1119 660 1197 718 omni

248 756 369 823 sparte
398 752 548 809 absolutus
572 770 651 810 esses
675 753 838 826 theologus,
864 759 893 810 te
915 771 1019 826 purum
1041 760 1198 826 putumque

285 847 541 918 praestigiatorem
564 848 757 905 crederemus.

327 957 469 1014 Eckius.
499 957 657 1029 confidite,
686 960 816 1032 inquam,
846 965 875 1018 et
901 960 986 1032 longe
1014 959 1060 1016 his
1086 959 1199 1016 maiora

283 1051 434 1124 videbitis;
471 1069 572 1110 verum
601 1054 625 1110 si
657 1054 810 1125 mysticam
844 1054 920 1111 hanc
947 1054 1125 1126 theologiam
1151 1070 1198 1110 co·

284 1163 424 1217 gnoscere
448 1147 632 1216 desideratis
656 1149 687 1205 in
701 1149 802 1220 primis
823 1149 1024 1206 taciturnitate
1048 1165 1120 1220 opus
1144 1152 1197 1206 est.

236 1257 263 1299 10
327 1241 449 1299 Amici.
475 1240 529 1299 Vel
550 1241 679 1314 piscibus
706 1243 798 1316 magis
824 1243 898 1300 muti
926 1243 1046 1312 erinna,
1076 1247 1198 1311 tantum,

284 1335 425 1407 magister
457 1340 558 1394 noster
588 1337 767 1407 venerande,
803 1337 974 1410 parabolam
1007 1337 1081 1395 hanc
1113 1335 1203 1395 nobis·

286 1429 424 1488 edissere.

326 1541 471 1600 Eckius.
496 1542 617 1600 Faciam
642 1543 674 1604 id
697 1544 825 1617 quidem,
855 1543 908 1601 sed
931 1548 1041 1612 cavete,
1065 1559 1101 1600 ne
1124 1542 1198 1599 Har-

284 1638 412 1708 pocratis
437 1654 550 1695 sacrum
572 1638 703 1695 violetis:
725 1655 796 1710 saga
811 1638 881 1695 mihi
907 1638 1002 1695 vicina
1018 1642 1071 1707 est,
1096 1637 1200 1694 mulier

234 1749 261 1790 15
285 1731 390 1800 divina,
414 1731 506 1788 Erebi
529 1737 559 1789 et
577 1731 715 1804 profundi
736 1733 853 1790 domina
876 1737 906 1790 et
928 1749 1001 1804 quae
1022 1730 1197 1790 carminibus

285 1825 485 1898 splendentem
507 1826 605 1883 lunam
628 1827 707 1884 caelo
726 1826 871 1884 deducere
890 1827 993 1899 possit.
1018 1826 1109 1894 Haec,
1135 1843 1199 1882 cum

283 1920 406 1989 iussero,
430 1917 507 1994 πρὶν
523 1932 556 1977 σε
572 1914 705 1988 κοτύλας
720 1915 845 1978 ἐκπιεῖν
859 1917 947 1979 οἴνου
963 1913 1050 1990 δέκα,
1066 1919 1198 1993 Lipsiam

284 2015 339 2074 ibit
362 2020 391 2074 et
413 2014 530 2072 redibit.

326 2128 448 2185 Amici.
466 2127 532 2196 Pro,
549 2143 638 2195 mare,
656 2131 743 2196 terra,
759 2127 878 2196 caelum,
893 2126 942 2195 dii,
957 2130 1084 2183 vestram
1095 2124 1197 2183 fidem!

233 2241 262 2284 ao
284 2222 360 2293 Quin
382 2227 414 2278 tu
436 2221 590 2280 deridiculi
612 2222 707 2294 gratia
729 2238 782 2280 nos
805 2219 931 2279 forsitan
952 2237 1023 2277 naso
1045 2221 1198 2292 suspendis

285 2314 418 2376 adunco?

327 2429 468 2486 Eckius.
493 2429 623 2486 Mentior
637 2432 669 2486 at
691 2428 715 2485 si
739 2427 816 2500 quid,
840 2427 948 2484 merdis
965 2431 1052 2498 caput
1067 2426 1202 2498 inquiner

835 2521 908 2578 albis

376 2615 544 2686 Corsorum,
574 2621 660 2688 atque
694 2616 724 2672 in
756 2631 802 2672 me
836 2615 934 2673 veniat
966 2615 1086 2672 mictum
1113 2619 1199 2686 atque

837 2714 969 2766 cacatum

375 2805 465 2862 Iulius
489 2809 518 2862 et
540 2803 651 2876 fragilis
676 2803 800 2861 Pedatia
821 2802 924 2876 furque
947 2803 1090 2861 Vorenus.

234 2921 263 2964 as
286 2901 361 2972 Quin
383 2906 424 2970 tu,
448 2915 531 2972 puer,
562 2899 728 2958 accelerans
751 2899 830 2956 illam
852 2898 977 2970 advocn3
1005 2897 1101 2955 aderit
1124 2896 1200 2955 enim

286 2995 457 3068 evestigio.

328 3099 427 3157 Puer.
455 3097 518 3154 Iam
544 3096 631 3166 abeo,
655 3101 688 3154 ut
715 3095 832 3154 domino
868 3094 1079 3166 obtemperem,
1115 3109 1199 3166 quem

302 3353 311 3385 1
329 3351 455 3405 Arbitror
473 3350 552 3416 enim,
570 3347 694 3417 arbitror,
714 3365 775 3402 cum
794 3349 843 3402 deo
862 3354 955 3401 autem
973 3345 1076 3399 dictum
1095 3343 1141 3398 sit.

301 3439 312 3472 ⁴
330 3437 484 3504 imperator
500 3435 602 3504 Apollo
621 3441 650 3488 et
668 3434 715 3488 dii.

292 3523 312 3556 ¹⁷
331 3521 495 3588 Priusquam
513 3521 611 3588 pocula
629 3519 721 3573 abibas
741 3519 840 3572 decem.
