2774 4152
506 239 617 284 aculus
640 237 831 284 nuncusrvs.
1116 229 1154 285 35

180 461 246 516 [Dio]
283 449 489 522 Chirurgus.
507 449 685 521 Quicumque
706 447 708 528 l
730 449 862 520 sustinet,
891 449 939 506 ille
956 449 1065 522 ahquid
1081 450 1155 522 agit3

222 545 281 603 nisi
297 545 373 603 enim
388 550 497 618 ageret,
521 561 667 622 nunquam
684 545 854 601 sustineret:
879 549 911 601 tu
927 545 1061 614 sustines,
1086 561 1156 618 ergo

224 645 255 698 et
277 640 349 712 agis,

266 735 408 792 Echius.
432 735 474 792 At
496 739 528 791 tu
549 733 628 791 haud
650 733 775 806 probum
797 733 958 805 sophistam
981 734 1052 806 agis.

194 857 207 899 5
267 837 473 910 Chirurgus.
497 837 599 909 Longe
621 836 789 909 probiorem
812 854 898 909 quum
913 841 945 894 tu
960 837 990 893 in
1005 837 1086 894 Petri
1101 839 1158 910 pri·

222 937 312 1001 matu,
330 933 459 1004 quamvis
471 948 525 1004 ego
538 947 660 1004 quoque,
676 925 756 991 ὅταν
770 950 801 988 τι
816 925 937 990 τούτων
948 927 1157 1011 σοφισμάτων

223 1019 292 1096 ἴδω,
315 1020 417 1084 πλέον
439 1011 586 1084 ἐνιαυτοῦ
608 1021 817 1105 πρεσβύτερος
838 1020 1031 1104 ἀπέρχομαι.

265 1130 388 1186 Amici.
412 1128 541 1201 Egregia
568 1129 729 1187 decertatio
754 1127 899 1187 carnificis
923 1147 988 1188 oum
1009 1130 1156 1205 theologo.

268 1231 473 1306 Chirurgus.
504 1233 564 1290 Vos
587 1250 671 1300 vero,
698 1233 831 1304 iuvenes,
855 1234 972 1292 interim
995 1235 1063 1292 dum
1085 1236 1159 1294 haec

179 1347 208 1389 ro
224 1328 415 1400 disputamus,
440 1333 538 1385 vestro
561 1326 721 1400 fungamini
744 1327 851 1385 officio.
876 1329 966 1400 Atqui
990 1345 1089 1387 omnes
1110 1330 1158 1388 de—

222 1421 341 1494 fatigati
357 1423 437 1492 estis,
463 1427 493 1480 et
507 1423 566 1479 iam
580 1426 644 1480 toto
660 1428 760 1480 manat
775 1422 811 1480 de
828 1439 951 1494 corpore
967 1424 1065 1494 sudor,
1084 1424 1158 1483 desi·

224 1517 300 1574 nite:
328 1517 399 1574 satis
423 1516 577 1575 dedolatus
599 1517 724 1574 videtur.
754 1516 845 1588 Surge
867 1517 958 1590 igitur
980 1524 1010 1576 et
1032 1518 1156 1577 ambula.

222 1605 316 1682 Ἰδού,
341 1629 426 1684 quam
447 1611 551 1684 planus
575 1616 604 1669 et
626 1610 752 1683 undiquc
775 1613 904 1684 aequalis
928 1613 1064 1684 apparet!

269 1715 412 1773 Eckius,
437 1715 554 1784 Nescio,
578 1714 635 1772 hoc
657 1719 756 1772 tamen
771 1715 832 1772 scio
849 1719 878 1772 et
894 1717 1027 1788 scapulas
1043 1721 1074 1774 et
1087 1717 1157 1774 lum-

180 1830 209 1872 15
224 1811 280 1868 bos
303 1827 338 1867 ac
360 1815 454 1867 totum
477 1809 600 1881 denique
624 1826 728 1881 corpus
751 1809 822 1866 mihi
837 1810 1025 1869 vehementer
1044 1811 1157 1871 dolere:

225 1905 300 1963 adeo
323 1905 398 1962 helle
422 1904 575 1961 dedolatus
599 1921 670 1960 sum.

271 2008 475 2080 Chirurgus.
500 2007 557 2064 Vix
579 2008 702 2077 senties,
726 2006 776 2065 ubi
799 2025 913 2065 meuses
937 2009 1029 2081 elapsi
1050 2008 1159 2068 fuerint

227 2109 348 2176 septem.

270 2198 414 2255 Euhius.
440 2195 498 2254 Sed
520 2196 650 2268 nunquid
672 2195 730 2253 iam
754 2201 872 2254 sanatus
897 2194 980 2254 sum?

180 2313 211 2355 ρο
271 2291 473 2363 Chirurgus.
503 2289 588 2348 Viam
614 2291 738 2362 primum
765 2291 890 2363 ingressi
911 2308 1022 2362 sumus,
1046 2298 1159 2352 restant

225 2388 347 2446 maiora.

270 2481 413 2540 Echius.
438 2479 550 2552 Papae!

271 2577 474 2648 Chirurgus.
510 2573 634 2632 Adferte
661 2573 731 2630 mihi
758 2571 841 2631 funes
869 2580 1020 2647 quattuor,
1056 2579 1158 2650 quihus

225 2674 307 2730 illum
329 2671 367 2728 ad
390 2674 528 2743 quattuor
549 2669 618 2726 lecti
641 2668 761 2741 angulos
785 2669 936 2742 conligam,
960 2673 1040 2742 prius
1064 2678 1161 2732 tamen

180 2788 212 2830 25
227 2766 372 2826 accersito
395 2771 524 2822 tonsore.
548 2797 591 2804 -

270 2860 392 2919 Amici.
416 2859 464 2917 En
487 2859 572 2916 adest
593 2863 704 2915 tonsor.

272 2955 477 3027 Chirurgus.
502 2956 529 3010 A
553 2953 649 3024 capite
673 2953 768 3010 crines
790 2952 833 3009 illi
855 2953 999 3012 abradito.

271 3051 415 3108 Tonsor.
440 3049 515 3106 Fiet.

270 3145 391 3203 Amici.
425 3143 484 3200 Sed
511 3142 580 3216 quid
608 3141 661 3200 sub
686 3141 796 3213 capillis
820 3140 985 3200 delitescit?
1020 3142 1096 3214 Quid
1118 3145 1160 3205 ita

183 3261 212 3304 so
226 3237 342 3299 burrit?
365 3238 503 3311 Nunquid
524 3237 652 3309 pediouh
675 3233 760 3293 sunt?

273 3334 478 3408 Chirurgus.
495 3333 626 3402 Minime,
644 3331 696 3388 sed
708 3331 896 3402 sophismata,
912 3331 1079 3404 syllogismi,
1095 3351 1161 3407 pro-

253 3570 283 3604 li·
306 3570 374 3624 (lum
391 3567 463 3623 talia
486 3567 654 3636 sophismata
672 3565 764 3634 video,
783 3565 846 3634 plus
870 3581 951 3632 quam
974 3583 1045 3621 anno
1069 3568 1160 3623 senior

185 3648 302 3704 discedo.

953 3731 986 3784 3*
