2774 4152
486 231 599 278 ECKIVS
621 228 812 275 DEDOLATVS.
1096 220 1132 277 15

224 429 292 480 nas,
321 427 358 468 ex
384 408 488 482 quibus
517 409 564 464 uix
591 424 636 464 me
660 406 737 464 salus
760 406 837 478 ipsa,
867 406 981 462 etiamsi
1007 406 1140 478 voluerit,

227 507 341 578 eripere
369 505 473 576 possit,
501 519 555 575 por
582 501 740 559 amicitiam
773 506 916 569 nostram,
952 499 1039 558 fidem
1072 519 1142 562 vero

226 606 355 660 vestram
366 615 418 656 oro
431 603 518 670 atque
535 596 677 666 obtestor,
694 601 728 652 ut
742 595 836 653 amico
849 595 878 652 in
891 597 1028 653 extremis
1044 599 1143 670 agenti

226 701 256 754 et
283 698 395 752 tantum
429 708 490 749 non
521 691 702 748 conclamato
736 689 914 747 subveniatis
946 695 976 747 ct
1013 707 1049 748 ne
1081 697 1141 750 tam

190 809 204 852 5
226 791 331 847 misere
346 791 458 859 pereat,
485 785 592 844 medici
608 784 729 842 alicuius
745 785 832 856 periti
849 800 939 856 opera
955 787 1141 856 succurratis,

228 885 275 958 qui
302 898 362 941 non
389 887 450 939 tam
477 897 523 937 me
549 878 620 936 mihi
649 895 735 950 quam
762 878 844 936 vobis
870 879 956 950 ipsis,
986 881 1142 953 praecipue

225 996 294 1037 vero
317 977 382 1034 sedi
405 974 594 1047 apostolicae,
619 990 636 1030 a
659 989 715 1045 qua
736 989 812 1030 nunc
835 977 971 1046 tanquam
994 973 1144 1034 Romanae

226 1071 367 1132 ecclesiae
390 1073 593 1141 propugnator
615 1083 717 1134 vocor,
742 1083 843 1124 sanum
866 1068 1032 1140 salvumque
1060 1071 1143 1127 resti-

226 1172 299 1225 tuat.
324 1165 360 1222 Id
376 1165 401 1221 si
416 1163 477 1231 fiet,
500 1168 530 1220 et
545 1162 668 1219 salutem
683 1177 786 1230 meam,
803 1167 836 1218 ut
851 1162 968 1234 quidem
982 1163 1063 1220 vitali
1078 1172 1143 1236 per-

178 1282 206 1324 ro
227 1261 310 1319 fruar
332 1275 413 1327 aura,
430 1274 485 1314 nec
507 1273 565 1313 non
581 1255 743 1328 apostolica
766 1272 838 1327 quae
863 1273 947 1327 spero
964 1274 1084 1315 munera
1110 1275 1156 1316 ac

230 1354 441 1412 cardinalatum
464 1351 559 1422 ipsum
581 1349 664 1407 vobis
687 1355 839 1422 acceptum
861 1349 962 1408 feram.
989 1351 1069 1410 Bene
1097 1371 1145 1410 va-

230 1450 297 1518 lete,
322 1446 506 1505 conathletae
529 1443 682 1502 fortissimi
703 1443 920 1516 Lutheranique
942 1445 1042 1504 hostes
1066 1463 1145 1504 acer-

230 1542 304 1610 rimi,
328 1545 414 1613 atque
437 1540 530 1597 amico
554 1544 652 1596 vestro
676 1555 761 1610 opem
783 1537 860 1596 ferre
876 1539 955 1596 haud
970 1541 1141 1613 neglegatis.

235 1633 309 1704 Cito,
334 1635 400 1704 cito,
426 1633 498 1691 cito!

185 1749 212 1792 15
299 1729 372 1800 Pre,
400 1729 445 1786 cui
473 1729 583 1799 scripta
610 1731 670 1784 tam
696 1726 875 1785 miserabilia
905 1729 1039 1787 lacrimas
1067 1731 1146 1789 haud

234 1819 449 1896 exprimerent?
472 1823 547 1891 Heu,
571 1821 637 1891 heu,
662 1820 745 1890 Eski,
772 1821 857 1892 ueni,
881 1821 969 1880 Leki!
994 1823 1052 1882 Sed
1075 1826 1144 1898 quid

233 1915 396 1991 agendum?
425 1915 609 1988 Impossibile
642 1915 750 1972 etenim
777 1921 821 1974 cst
854 1917 911 1974 alio
938 1918 1067 1976 medicos
1095 1920 1145 1977 ad·

232 2013 333 2085 legari,
362 2028 416 2069 nec
442 2011 474 2092 id
502 2010 539 2068 ob
566 2010 658 2081 pestis
683 2011 834 2068 saevitiam
859 2017 1041 2082 grassantem
1068 2013 1145 2072 cives

233 2107 413 2179 permittent.
460 2105 495 2162 In
516 2104 644 2162 medium
665 2104 756 2176 igitur
778 2105 928 2174 consulite,
957 2111 1056 2178 patres
1080 2124 1146 2165 con-

183 2221 212 2264 00
235 2201 344 2274 scripti,
370 2205 400 2258 et
422 2216 495 2273 quae
519 2199 549 2255 in
571 2215 633 2256 rem
656 2199 715 2256 sint
737 2199 858 2271 aperite.

277 2305 411 2361 Patres.
436 2301 504 2359 Non
525 2301 620 2373 longis
642 2301 716 2373 logis
745 2318 816 2373 opus
847 2307 892 2358 est
920 2303 949 2359 in
972 2320 1060 2362 causa
1085 2310 1146 2362 tam

236 2398 328 2456 ardua
352 2401 382 2455 et
403 2395 454 2454 ubi
475 2397 636 2468 periculum
668 2396 698 2452 in
725 2413 807 2453 mora
834 2403 887 2454 est.
940 2397 1076 2456 Ceterum
1099 2417 1146 2458 res

235 2493 308 2550 baec
334 2509 393 2549 non
426 2496 546 2562 temere,
581 2490 634 2548 sed
668 2491 741 2546 caeli
768 2491 892 2562 quadam
924 2493 1020 2549 evenit
1052 2495 1147 2565 provi-

237 2587 349 2656 dentia,
377 2589 411 2642 ut
437 2589 498 2642 tam
526 2589 688 2657 opportune
710 2581 888 2663 χειρουργὸς
915 2586 962 2644 hic
985 2588 1144 2646 advenerit.

185 2701 214 2742 aa
238 2681 309 2738 Cum
330 2681 420 2753 igitur
443 2697 479 2737 ex
506 2680 584 2737 omni
614 2683 698 2751 parte
726 2679 764 2736 sit
787 2679 936 2738 absolutus
971 2687 1001 2740 et
1026 2683 1057 2739 in
1083 2689 1147 2741 arte

237 2793 289 2833 sua
304 2774 544 2847 perfectissimus,
567 2790 652 2830 nemo
668 2773 717 2831 1110
740 2775 842 2832 melius
857 2774 1017 2834 fortissimo
1034 2778 1147 2835 Keokio

237 2875 338 2926 nostro
366 2869 520 2926 subvenire
546 2869 670 2940 poterit:
705 2868 752 2926 ille
787 2886 856 2940 ergo
892 2875 939 2928 eat
973 2877 1003 2928 et
1034 2889 1147 2930 omnem

172 2974 257 3031 [nup]
284 2960 472 3042 diligentiam
500 2962 652 3032 adhibeat,
687 2979 723 3020 ne
755 2967 853 3021 tantus
889 2963 1072 3024 Christianae
1104 2968 1148 3025 rei

237 3057 369 3130 publicae
393 3057 531 3130 splendor
553 3057 762 3128 exstinguatur.

186 3171 215 3213 ao
281 3152 421 3210 Rector.
449 3151 578 3224 Egregia
592 3149 724 3222 profecto
741 3153 886 3210 sententia
901 3157 988 3225 atque
1009 3154 1041 3211 in
1064 3171 1149 3227 quam

238 3245 379 3304 ambobus
401 3245 525 3318 pedibus
549 3245 674 3302 eundum
698 3246 744 3302 sit.
769 3245 827 3304 Sed
850 3247 944 3304 etita
970 3264 1075 3306 censeo
1091 3248 1149 3306 Ru·

236 3339 323 3398 beum
338 3341 415 3396 hunc
429 3340 542 3412 pariter
555 3339 621 3396 illac
637 3339 828 3412 delegandum
845 3357 917 3411 esse,
941 3346 974 3398 ut
990 3347 1019 3400 et
1035 3343 1147 3403 Keokio

239 3435 348 3492 solacio
378 3436 416 3491 sit
444 3440 473 3492 et
500 3450 624 3506 quanam
646 3434 795 3492 voluntate
822 3436 853 3492 in
874 3435 954 3492 illum
974 3438 1148 3496 exsistamus

239 3528 400 3586 adnuntiet.
435 3528 496 3586 Ibis
519 3529 616 3600 igitur,
640 3528 741 3600 Ebrie,
764 3528 858 3587 Rubie
886 3529 983 3588 dicere
1006 3532 1147 3604 volebam,

188 3641 217 3684 aa
240 3639 274 3681 ac
296 3618 476 3700 χειρουργὸν
497 3623 573 3680 hunc
594 3626 691 3680 tecum
715 3621 850 3681 deduces.
