2774 4152
580 215 692 260 noxius
714 214 906 262 DliDOIsA'l'VS.

359 392 508 451 Rubeus.
534 391 626 463 Quam
647 390 852 450 libentissime!
880 391 939 450 Sed
962 392 1091 465 nunquid
1113 392 1228 452 litteras

318 488 356 547 ad
378 488 457 545 illum
481 486 655 546 deferendas
678 483 821 544 tradetis?

360 589 500 648 Rector.
530 588 579 646 Nil
605 604 725 646 necesse
754 588 822 657 erit,
851 605 916 645 oum
943 587 980 645 ob
1006 590 1138 662 egregias
1161 594 1227 648 tuas

318 685 442 742 virtutes
466 688 496 741 et
517 683 641 756 plurima
663 681 817 740 benefacta
839 687 891 740 tua
912 683 958 741 vel
973 684 1161 756 praeeipuam
1175 684 1230 743 tibi

281 778 405 840 ofidem
436 777 576 836 adhibeat
609 781 639 834 et
671 794 725 835 nos
758 777 898 848 temporis
933 777 1042 835 exclusi
1075 779 1229 852 iniquitate

318 873 446 932 seribere
474 888 664 944 nequeamus3
692 870 789 928 verbis
821 871 911 943 igitur
940 873 1049 929 nostris
1078 872 1229 933 doctorem

318 968 465 1040 egregium
497 965 638 1023 salutabis
671 970 701 1023 et
733 970 766 1022 ut
799 966 829 1022 in
863 967 950 1024 solita
983 968 1146 1038 pertinacia
1176 969 1229 1027 sua

317 1065 486 1135 perseveret
508 1059 687 1118 admonebis.

256 1201 258 1206 ,
360 1162 509 1220 Rubeus.
552 1160 659 1218 Sedulo
693 1161 871 1218 curabuntur
905 1162 1010 1219 omnia.
1039 1161 1120 1220 Ades
1149 1162 1226 1233 dum,

268 1278 295 1320 1o
317 1253 482 1334 χειρουργέ.

359 1359 563 1431 Chirurgus.
588 1358 654 1415 Etsi
670 1357 707 1414 ob
722 1356 921 1414 Lntheranum
940 1359 1088 1430 negotium
1104 1358 1141 1416 ab
1157 1360 1228 1418 hero

316 1471 380 1514 meo
403 1454 460 1510 huc
481 1453 586 1510 missus
610 1469 682 1521 sum,
706 1457 738 1508 ut
760 1455 858 1508 tamen
880 1451 963 1509 vobis
986 1469 1097 1510 morem
1119 1471 1228 1526 geram,

314 1549 440 1606 libenter
471 1546 520 1604 ibo
551 1545 676 1604 forsitan
700 1562 759 1603 non
785 1546 879 1602 minus
907 1545 1023 1604 domino
1050 1564 1115 1605 meo
1144 1565 1229 1621 quarn

316 1643 398 1701 vobis
420 1643 492 1714 ipsis
514 1657 576 1698 rem
599 1644 712 1712 gratam
733 1638 872 1697 facturus,

267 1765 293 1808 15
358 1744 508 1806 Rubeus.
545 1742 693 1800 Generose
720 1740 807 1814 iaeis;
834 1760 947 1801 meeum
972 1745 1062 1817 igitur
1089 1744 1227 1815 concede,

314 1845 347 1897 ut
368 1839 490 1907 vetulae,
515 1854 588 1910 quae
611 1837 725 1894 litteras
748 1837 853 1906 attulit,
878 1855 1050 1910 responsum
1073 1840 1183 1897 demus.

358 1942 561 2013 Chirurgus,
586 1939 643 1997 Vbi
666 1956 701 1997 ea
724 1937 789 1996 est?

359 2045 509 2104 Rubeus.
533 2042 621 2100 Domi
644 2059 726 2100 meae
750 2043 908 2115 opperitur.
933 2057 946 2082 -·

359 2149 562 2220 Chirurgus
587 2147 696 2204 Eamus
719 2147 816 2219 igitur.
834 2181 876 2187 —-

264 2271 293 2313 ao
358 2251 507 2309 Rubeus.
543 2249 590 2307 En
612 2250 699 2307 illam.
734 2248 827 2307 Laeta
850 2251 904 2319 sis,
932 2254 1027 2308 mater
1052 2267 1130 2320 men,
1159 2268 1227 2309 nam

318 2351 422 2405 cuneta
444 2364 480 2404 ex
503 2346 591 2404 enimi
614 2345 657 2401 tui
680 2349 830 2402 transacta
853 2349 919 2401 sunt
942 2346 1095 2402 sententia.

359 2447 517 2507 Canidia.
542 2448 635 2518 Euan,
659 2464 799 2520 perquam
822 2448 913 2522 amice
937 2453 1042 2504 aetum.
1072 2446 1131 2505 Sed
1153 2466 1226 2505 nun-

316 2544 385 2617 quid
407 2543 522 2600 litteras
545 2542 661 2611 debitio,
690 2547 723 2598 ut
746 2542 862 2599 domino
886 2559 950 2601 meo
973 2547 1033 2599 tam
1055 2543 1227 2600 immensum

316 2637 453 2710 gaudium
476 2634 665 2694 adnuntiem?

264 2759 293 2801 25
358 2737 514 2796 Rubeus.
538 2738 587 2794 Nil
603 2754 675 2808 opus
692 2741 737 2794 est
751 2737 866 2806 litteris,
884 2737 947 2794 illas
965 2738 1041 2794 enim
1057 2754 1107 2796 ore
1122 2737 1223 2796 feram.

358 2841 514 2898 Canidia.
540 2839 598 2897 Sed
620 2838 749 2912 nunquid
771 2837 1015 2897 umectabuntur?

356 2943 510 3001 Rubeus
537 2942 672 3011 Minime,
695 2941 890 3013 iampridem
913 2943 989 2999 enim
1011 2943 1054 3000 ita
1075 2941 1153 3001 ferre
1176 2942 1226 3002 ad·

317 3057 406 3097 suevi.

359 3139 522 3200 Canidia.
547 3139 587 3196 At
610 3139 679 3210 quid
702 3138 738 3196 de
761 3134 896 3195 medico?

264 3264 293 3305 ao
358 3243 508 3302 Rubeus.
533 3242 636 3311 Adest,
661 3259 697 3300 en
719 3241 767 3298 hio
789 3257 873 3312 quem
897 3242 1000 3298 semis.

359 3346 516 3405 Canidia.
540 3344 710 3402 Medicusne
726 3344 774 3400 liic
790 3348 835 3400 est
852 3343 981 3401 carnifici
993 3361 1051 3401 non
1063 3342 1223 3401 absimilis?

356 3448 507 3508 Rubeus
533 3444 589 3526 Μὴ
612 3443 746 3514 σκῶπτε,
770 3462 837 3502 nam
860 3444 1016 3504 admodum
1038 3447 1069 3503 in
1092 3452 1155 3504 arte
1171 3463 1225 3504 sua

252 3568 455 3576 .—-——.---

319 3617 340 3650 ³²
358 3616 401 3669 Ne
418 3614 517 3668 morde.
