2774 4152
550 212 660 257 ECKIVS
682 213 872 258 DEDOLATVS.

330 384 536 458 Chirurgus
567 388 755 458 Quorundam
780 407 864 458 vero,
900 389 956 446 etsi
983 406 1042 446 non
1068 389 1195 461 penitus,

284 496 337 551 pro
372 485 502 552 tempore
531 487 628 540 tamen
661 489 774 556 pestem
807 484 972 555 emendavi3
1008 483 1086 556 quod
1119 484 1196 540 enim

223 582 284 636 [Oia]
307 574 520 634 immedicabile
542 583 605 634 erat
624 579 740 648 roscidi,
765 579 821 636 illis
841 572 845 658 i
865 578 993 651 linguam
1016 578 1195 647 detruncari,

285 668 349 726 aliis
366 670 464 727 oculos
478 672 549 741 erui,
566 673 709 730 nonnullis
726 690 838 746 quoque
855 673 928 730 cutis
944 673 1087 744 pruritum
1107 673 1196 744 virgis

249 765 420 835 srepressi.

326 865 470 925 Eckius.
495 869 572 926 Mira
595 869 696 939 refero,
720 870 773 928 sed
794 871 878 942 potin
900 875 930 927 et
952 887 997 927 me
1014 886 1125 942 quoque
1149 887 1196 926 cu-

284 961 370 1018 rare?

328 1063 531 1139 Chirurgus.
566 1067 702 1124 Nondum
733 1067 808 1139 scio,
842 1067 923 1139 prius
957 1068 1033 1125 enim
1065 1082 1197 1124 umorem

283 1159 493 1218 redundantem
528 1162 692 1220 discernere
720 1163 817 1234 sicque
844 1161 882 1219 ad
912 1163 1092 1219 curationem
1124 1161 1197 1217 ulte·

233 1270 260 1312 10
281 1253 390 1312 riorem
412 1257 571 1328 procedere
588 1262 713 1329 oportet.
738 1256 797 1314 Sub
813 1257 927 1313 initium
941 1257 1039 1328 itaque
1055 1255 1195 1323 edissere,

283 1347 332 1404 ubi
360 1366 394 1408 ac
422 1353 566 1424 quomodo
593 1357 653 1410 tam
688 1352 841 1409 adversam
874 1351 1055 1409 contraxeris
1088 1350 1197 1407 valetu-

283 1442 388 1501 dinem.

324 1545 466 1604 Eckius.
490 1546 622 1619 Longum
649 1552 727 1606 esset
749 1551 853 1606 cuncta
875 1544 998 1615 referre,
1027 1546 1070 1602 ita
1096 1549 1195 1602 tamen

281 1639 388 1697 habeto
411 1658 456 1698 me
480 1641 663 1699 incommodo
691 1659 790 1699 earum
814 1641 1094 1714 peregrinationum,
1123 1656 1195 1712 quas

232 1751 259 1792 15
281 1751 334 1804 pro
357 1734 415 1791 fide
443 1734 609 1792 Christiana
633 1736 791 1804 exantlavi,
817 1737 847 1792 in
874 1736 950 1794 hanc
975 1741 1035 1793 tam
1062 1735 1194 1792 nocivam

279 1827 479 1886 infirmitatem
501 1830 647 1888 incidisse.

324 1929 527 2003 Chirurgus.
552 1931 672 1989 Habeo:
697 1937 729 1989 tu
751 1931 821 1990 fidei
842 1938 1044 2005 propugnator
1069 1928 1170 1988 fuisti?

322 2041 464 2100 Eckius.
492 2042 533 2100 Et
560 2043 718 2101 acerrimus
747 2043 876 2116 quidem3
905 2060 971 2101 nam
999 2043 1051 2101 sub
1079 2043 1194 2100 initium

279 2151 333 2193 nec
365 2137 429 2194 viae
463 2137 643 2210 longitudine
677 2155 731 2195 nec
758 2137 827 2195 belli
859 2138 983 2194 tumultu
1016 2155 1070 2196 nec
1102 2139 1194 2209 pestis

228 2248 257 2290 ao
279 2232 402 2288 saevitia
425 2232 582 2290 deterritus
605 2232 695 2304 Alpes
720 2233 867 2305 superavi,
897 2231 1059 2290 Bononiam
1082 2233 1192 2290 accessi

278 2324 375 2397 ibique
392 2327 519 2384 omnium
535 2327 737 2398 admiratione,
754 2329 911 2400 praecipue
928 2331 1026 2384 tamen
1041 2327 1190 2396 italorum,

279 2419 444 2491 opinionem
467 2439 561 2479 meam
584 2421 710 2480 defendi.

322 2521 525 2596 Chirurgus.
550 2526 626 2583 Num
641 2525 684 2582 ibi
706 2541 818 2598 quoque
841 2523 912 2582 fidei
927 2541 1015 2581 causa
1030 2521 1191 2596 agebatur?

319 2633 460 2692 Eckius.
486 2636 623 2707 Maxime,
649 2637 756 2694 etenim
778 2637 864 2708 plane
888 2636 1004 2694 ostendi
1030 2635 1192 2708 opulentio-

225 2747 254 2788 25
276 2727 356 2785 ribus
378 2729 489 2785 licitum
504 2745 569 2788 esse
584 2729 739 2799 faenorari,
763 2729 945 2787 tenuioribus
972 2747 1041 2788 vero
1058 2747 1117 2788 non
1137 2731 1190 2799 ita,

275 2824 416 2895 appositis
440 2829 538 2881 tamen
560 2823 780 2881 condicionibus
803 2823 984 2896 quibusdam.

320 2924 520 2998 Chirurgus.
546 2925 626 2995 Quae
649 2923 774 2982 forsitan
800 2925 830 2981 in
856 2941 954 2983 rerum
980 2931 1086 2984 natura
1112 2925 1191 2982 haud

275 3025 381 3079 essent.
407 3019 541 3077 Cetemm
557 3019 727 3091 ignorabam
743 3037 861 3078 usuram
876 3019 914 3077 ad
929 3019 1017 3077 fidem
1032 3021 1189 3093 pertinere.

318 3133 459 3190 Eckius.
488 3131 526 3188 Vt
549 3131 647 3200 video,
672 3131 784 3188 Romae
806 3149 865 3189 non
887 3130 977 3188 fuisti.
1003 3131 1093 3189 Paulo
1121 3135 1190 3203 post

225 3245 254 3288 ao
276 3245 344 3286 vero
368 3228 508 3285 Viennam
531 3225 699 3284 Pannoniae
722 3227 838 3296 perrexi
861 3226 957 3298 ibique
981 3225 1126 3297 singulare
1149 3225 1190 3280 in-

275 3323 353 3394 genii
376 3327 405 3380 ct
428 3322 577 3379 doctrinae
600 3336 681 3377 meae
709 3320 856 3390 specimen
870 3319 982 3391 reliqui,
1006 3336 1073 3376 nam
1089 3336 1189 3377 omnes

275 3417 400 3474 clamore
434 3416 569 3488 superavi
599 3421 629 3472 et
654 3413 834 3470 Viennenses
867 3418 986 3469 cunctos
1019 3413 1125 3470 litteris
1160 3418 1189 3470 et

275 3511 439 3569 eruditione
468 3527 566 3568 carere
595 3507 718 3566 ostendi.
748 3507 849 3578 Nuper
874 3522 958 3575 veru,
986 3511 1019 3562 ut
1041 3507 1188 3579 triumpho

274 3603 376 3662 Italico
400 3609 429 3662 et
453 3604 619 3661 Pannonico
647 3600 822 3659 Saxonicum
849 3615 962 3670 quoque
989 3599 1186 3670 adiungerem,
