2774 4152
212 248 253 306 20
537 256 648 301 nemus
669 253 861 300 cancarrus
885 277 889 290 ι

275 437 331 494 hoc
353 440 451 492 tamen
473 433 542 502 scio,
567 431 653 504 quod,
677 432 745 488 licet
768 448 785 488 a
807 429 903 488 fronte
927 436 956 488 et
978 449 1037 490 non
1060 449 1078 489 a
1103 437 1185 503 tergo

275 530 433 599 resideam,
461 526 673 585 intolerabilem
696 530 795 583 tamen
817 527 940 584 sentiam
962 532 1105 598 putorem.
1130 526 1188 584 Sed

276 626 334 683 iam
362 624 575 695 Thuringorum
602 637 810 692 exsuperemus
838 620 952 693 silvam3
981 638 1017 679 en
1040 620 1186 693 Koberga‚

276 721 349 778 hacc
376 717 577 788 Babenberga,
612 715 685 773 haec
718 732 787 772 vero
822 720 867 773 est
896 715 1098 788 Nurinberga‚
1132 717 1190 773 iam

243 835 256 876 a
278 813 444 872 Danubium
472 827 573 880 cerno,
602 811 660 868 iam
683 809 894 882 Ingolstadium
919 811 1112 882 pervenimus
1135 809 1192 868 De-

280 909 386 967 scende
409 908 480 976 iam,
509 905 718 978 impurissime,
747 909 779 960 ut
805 904 943 962 miseram
965 905 1039 962 hanc
1066 905 1190 962 bestiam

279 1004 381 1061 Histro
405 1003 574 1073 immergam
597 1004 627 1057 et
649 1015 667 1056 a
689 999 869 1071 spurcissimi
890 999 1019 1057 madoris
1047 999 1127 1057 olore
1143 1000 1191 1057 ab·

280 1099 365 1165 luam,
391 1097 471 1154 cuius
493 1096 542 1152 vix
564 1111 656 1166 aquae
680 1091 838 1162 sufficient,
863 1098 895 1150 ut
917 1098 999 1151 tanta
1022 1095 1192 1167 detergatur

279 1192 414 1249 inluvies:
439 1191 481 1247 ita
503 1194 607 1247 cuncta
628 1187 831 1260 permerdasti.

231 1315 259 1356 ro
324 1293 473 1351 Rubeus
498 1292 545 1349 En
569 1291 723 1348 descendo.
747 1290 815 1360 Pro,
840 1296 978 1362 quantum
998 1308 1076 1364 pyga
1098 1291 1190 1362 dolet3

282 1390 384 1447 saltem
408 1381 592 1466 ἐφιππείοις
613 1386 738 1443 bestiam
760 1385 955 1442 instravisses

325 1491 526 1562 Chirurgus.
551 1488 592 1545 Et
606 1489 677 1545 mihi
699 1504 800 1545 manus
823 1488 931 1558 dolent,
955 1505 1022 1546 nam
1044 1483 1194 1568 χειροθή-

217 1597 320 1652 [Biiijb]
342 1603 412 1652 καις
431 1581 436 1662 l
456 1584 599 1642 carebam.

325 1688 475 1745 Rubeus.
500 1685 559 1743 Sed
574 1686 646 1753 vale,
672 1683 808 1756 Canidia;
831 1685 890 1742 iam
906 1686 982 1743 enim
998 1685 1036 1743 ad
1052 1685 1195 1744 Keckium

234 1804 260 1845 15
282 1788 413 1842 nostrum
435 1781 590 1853 pergimus.

329 1884 485 1943 Canidia.
510 1883 550 1940 Et
565 1900 616 1940 vos
633 1899 745 1955 quoque
761 1881 903 1940 cloacales
919 1883 1013 1941 valete
1029 1882 1194 1955 Lipsenses

285 1983 327 2040 ita
338 1987 444 2048 tamen,
461 1983 493 2035 ut
504 1993 649 2050 nunquam
661 1977 699 2034 ad
708 1981 846 2048 paternos
858 1976 934 2034 lares
946 1978 1142 2035 revertamini.
1156 2011 1196 2018 —-

329 2083 480 2142 Rubeus
506 2074 655 2151 Παιδίον,
680 2084 751 2150 παῖ,
775 2073 839 2159 ἠμί,
863 2080 938 2136 matt

330 2188 429 2245 Puer.
472 2183 528 2253 Τίς
565 2179 622 2262 τὴν
655 2176 762 2258 θύραν
799 2176 959 2250 ἐπάταξεν
987 2177 1029 2249 ὠς
1059 2182 1197 2240 Κενταυ-

237 2303 267 2344 ac
288 2276 401 2360 ρικῶς.9

331 2383 480 2441 Rubeus,
513 2381 588 2452 Quin
615 2380 711 2452 aperis
746 2384 776 2437 et
808 2379 925 2437 domino
959 2395 1012 2436 nos
1046 2378 1199 2437 advenisse

287 2480 412 2538 nuntias.
464 2511 474 2522 ·
668 2491 669 2494 ’

332 2582 431 2638 Puer.
456 2579 580 2647 Adsunt,
605 2595 622 2634 o
645 2579 724 2646 hero,
748 2576 853 2634 medici
879 2575 1044 2647 Lipsenses

332 2683 472 2740 Eckius.
507 2680 621 2737 Verane
655 2684 722 2736 sunt
753 2694 826 2750 quae
855 2677 928 2746 dixi,
962 2695 979 2736 o
1014 2675 1119 2736 amici?
1155 2677 1201 2734 En

238 2801 267 2842 aa
289 2780 430 2838 homines.

332 2881 452 2940 Amici.
477 2877 553 2936 Vere
578 2875 738 2950 praestigia
760 2875 833 2932 haec
857 2879 923 2932 sunt
946 2879 975 2932 et
998 2875 1201 2933 circulatorum

290 2977 512 3037 incantamenta.

333 3079 474 3139 Eckius
500 3075 523 3134 Ο
545 3073 773 3142 beneveneritis,
803 3072 904 3130 Rubee
927 3072 979 3142 mi,
1004 3071 1204 3128 Rubianorum

292 3171 521 3235 Rubianissime!

241 3300 270 3342 so
334 3277 482 3336 Rubeus.
511 3273 576 3331 Deo
599 3271 718 3343 gratias,
745 3269 918 3326 venerabilis
935 3268 1050 3326 domine
1066 3267 1206 3339 magister

292 3380 400 3433 noster.
426 3370 449 3429 Ο
472 3366 617 3443 quomodo
641 3382 694 3437 ego
717 3363 803 3421 video
826 3379 876 3420 vos
900 3363 941 3420 sic
964 3362 1101 3430 libenter,
1130 3360 1207 3434 quod

231 3511 433 3521 ——-—.-—

299 3577 321 3609 ¹⁸
339 3574 467 3638 Puerum,
485 3587 561 3639 puer,
582 3569 649 3622 heus
668 3566 745 3634 puer!

281 3660 321 3694 ¹⁹f·
341 3659 411 3728 Quis
429 3657 540 3711 ianuam
557 3651 681 3723 pulsavit
700 3651 766 3703 adeo
786 3645 970 3700 Centaurice'?

741 4016 816 4104 fi

1367 421 1369 456 l
