2774 4152
482 251 593 296 EGKIVS
615 251 806 297 DEDOLATVS.

306 424 476 485 Distendit‘?
499 428 595 510 Ardet
616 426 683 485 felle
707 429 817 486 siccato
840 429 922 486 iecur

309 523 470 594 Totumque
492 523 588 580 lentus
612 524 780 595 sanguinem
804 525 901 582 avexit
924 542 1023 597 vapor.

217 619 280 676 Iam
300 622 381 675 tanto
398 617 493 674 dolori
515 618 610 690 impar
632 635 703 687 sum,
728 619 786 676 iam
808 636 910 677 manus
934 621 980 690 dc,
1006 623 1132 681 tormina

218 719 277 771 tam
293 712 357 770 dira
372 711 450 769 haud
465 712 542 769 ultra
558 713 684 769 tolerare
700 713 791 770 valeo.
821 713 921 772 Ociter
935 715 1032 788 igitur,
1049 734 1130 789 puer,

182 827 196 868 s
218 807 382 865 universam
397 807 556 864 amicorum
573 807 684 864 advoca
699 807 823 877 turbam,
840 813 873 865 ut
889 810 1013 868 cumbis
1030 811 1132 869 saltem

219 919 290 975 quae
313 902 344 958 in
366 917 428 958 rem
450 917 545 958 meam
567 901 626 958 sint
642 901 808 960 deliberem.
835 903 919 960 Prius
943 909 1041 962 tamen
1063 923 1133 964 can-

217 997 332 1054 tharum
357 995 515 1068 porrigito!

260 1101 359 1158 Puer.
385 1099 538 1170 Quodnam
560 1096 687 1157 malum?
712 1098 860 1159 Turbam?
885 1100 957 1160 Cum
984 1103 1032 1160 vix
1057 1121 1131 1162 unus

127 1217 128 1220 ¹
216 1201 267 1254 aut
290 1196 365 1252 alter
378 1195 464 1252 nobis
481 1195 608 1266 supersit
624 1195 742 1264 amicus,
770 1213 824 1253 neo
846 1196 867 1253 ii
884 1198 955 1254 satis
972 1214 1008 1255 ex
1024 1199 1129 1257 animo.

168 1317 195 1359 10
260 1298 402 1356 Eckius
427 1298 537 1356 Tamen
560 1314 641 1368 voca,
667 1299 718 1356 sed
740 1299 821 1370 prius
837 1300 946 1358 vicario
963 1301 1130 1372 substituto,

219 1393 267 1466 qui
289 1393 368 1450 vices
392 1393 525 1465 suppleat
547 1397 613 1450 tuas
634 1409 669 1450 ac
691 1398 808 1452 strenue
833 1395 1003 1452 cantharum
1020 1395 1131 1454 offerat.

263 1495 361 1554 Puer.
386 1495 454 1554 Fiat
476 1497 540 1566 hoo,
565 1497 623 1554 iarn
647 1497 729 1554 abeo.

262 1599 402 1658 Eckius.
426 1600 600 1658 Manedum
627 1618 662 1658 ao
683 1602 764 1673 prius
788 1602 958 1660 cantharum
980 1603 1131 1674 praebeto.

219 1695 281 1752 Iam
304 1695 366 1767 abi3
389 1699 422 1751 ut
443 1700 541 1752 tamen
564 1699 693 1753 actutum
716 1695 820 1753 redeas
843 1702 997 1754 memento.
1024 1697 1101 1755 Ohel

170 1817 197 1860 15
263 1798 361 1856 Puer.
393 1799 504 1856 Ructus
531 1804 677 1869 ructatur,
706 1804 788 1856 satur
816 1804 860 1856 est
886 1800 1018 1870 tandem,
1048 1801 1134 1858 ollam

218 1895 294 1952 hanc
313 1894 503 1965 implevimus,
527 1893 619 1965 probe
643 1899 767 1966 appotus
791 1899 915 1952 stertere
938 1895 1048 1966 incipit.
1073 1895 1134 1952 Vti-

165 1999 249 2056 [Aiija]
280 2005 348 2046 nam
383 2005 518 2046 reversus
555 1988 635 2045 illum
671 1990 812 2060 pensilem
837 1983 840 2066 l
865 1989 1023 2046 inveniam!
1062 1990 1134 2048 Tam

221 2083 340 2142 odiosus
364 2088 394 2140 et
415 2083 555 2141 molestus
579 2088 704 2141 estnon
726 2084 784 2140 iam
807 2084 909 2142 alienis
936 2073 1135 2154 tantum‚'sed

223 2184 252 2236 et
267 2180 336 2246 suis
354 2179 406 2236 sed
429 2183 459 2235 et
481 2178 591 2248 amicis
608 2179 790 2250 potissimum
806 2195 875 2236 vero
899 2178 1077 2236 domesticis.
1094 2212 1135 2220 -

172 2301 201 2343 ao
265 2283 388 2340 Amici.
424 2281 521 2351 Salve,
549 2283 690 2354 magister
716 2287 830 2354 noster;
860 2298 908 2352 en,
937 2287 970 2338 ut
996 2283 1133 2353 iusseras

222 2377 276 2434 tibi
298 2381 415 2448 praesto
439 2394 546 2434 sumus.
571 2377 660 2446 Heus,
689 2376 775 2433 heus!

265 2481 362 2538 Puer.
387 2480 444 2537 Vix
465 2484 649 2538 taratantara
664 2479 845 2537 merobibum
868 2480 947 2536 illum
978 2481 1134 2553 excitaret;

223 2593 277 2634 nec
298 2576 415 2644 mirum,
441 2575 576 2648 quoniam
603 2591 662 2632 non
689 2574 781 2632 solum
806 2575 893 2646 paulo
921 2575 984 2646 plus
1013 2574 1134 2644 adbibit,

222 2671 275 2730 sed
301 2675 365 2729 tota
392 2669 483 2728 ferme
507 2670 554 2727 die
578 2669 747 2728 cantharum
771 2685 831 2738 ore,
857 2674 886 2726 et
908 2669 1054 2727 mordicus
1078 2671 1137 2742 qui·

171 2785 200 2827 25
223 2766 298 2835 dem,
321 2765 451 2824 retinuit.
475 2765 599 2836 Evigilo,
623 2765 703 2834 here,
728 2764 835 2821 adsunt
857 2764 956 2821 amici!

265 2869 410 2928 Eckius.
447 2869 537 2938 Hem,
572 2885 658 2940 quam
692 2885 809 2926 suavem
843 2867 967 2939 abegisti
991 2884 1135 2938 somnum,

225 2982 339 3022 omnem
355 2964 519 3022 obdormivi
536 2963 691 3034 crapulam,
720 2962 778 3020 Sed
802 2979 853 3020 cur
876 2967 934 3020 tam
957 2979 1066 3033 paucos
1090 2961 1138 3019 ad-

225 3057 354 3117 duxisti?

267 3164 366 3221 Puer.
391 3164 432 3220 At
453 3162 536 3219 multi
558 3161 608 3218 ubi
632 3158 735 3219 eraut?
760 3159 835 3229 Quin
860 3176 914 3216 nec
940 3159 1041 3230 paucis
1068 3159 1135 3228 illis,

173 3279 202 3320 co
225 3259 395 3331 quibuscum
418 3273 590 3328 congressus
617 3273 693 3326 sum,
720 3259 753 3311 ut
780 3271 825 3310 me
849 3258 1051 3324 sequerentur,
1075 3270 1139 3326 per-

224 3354 348 3412 suadere
370 3352 462 3424 potui.
972 3355 974 3359 ·

266 3458 409 3518 Eckius.
434 3455 493 3513 Gur
515 3451 577 3512 ita?

267 3563 370 3620 Puer.
402 3559 460 3617 Cur
485 3555 548 3616 ita?
578 3556 653 3627 Quia
680 3571 779 3614 omnes
808 3554 1077 3627 tergiversabantur
1104 3571 1138 3612 ac

226 3657 379 3716 confestim
402 3655 440 3712 ad
462 3670 568 3711 nomen
590 3656 671 3709 tuum
694 3650 775 3722 quasi
797 3665 908 3706 nausea
931 3649 1038 3720 corripi
1060 3648 1138 3704 vide·

949 3745 981 3797 1*
