2774 4152
227 184 267 241 42
553 196 664 241 neurus
686 194 877 241 naoonsrvs.

267 388 336 430 vero
359 389 421 430 rem
444 372 629 444 desperatam
650 377 681 430 et
694 371 903 444 impossibilem
917 373 1040 445 aggredi
1055 373 1145 431 audes
1168 390 1204 432 ac

269 466 437 540 theologum
459 467 638 540 eundemque
662 467 867 525 scholasticum
890 468 928 525 ad
949 467 1147 540 frugalitatem
1174 472 1204 526 et

269 579 370 620 sanam
392 567 518 620 mentem
540 578 678 620 revocare
694 563 818 632 conaris,
836 562 913 634 quod
935 567 996 620 tum
1012 562 1127 621 demum
1142 562 1202 632 fiet,

264 656 379 729 quando
403 657 477 714 caeli
499 656 634 714 movendi
657 661 724 714 sunt
747 661 777 714 et
798 661 886 715 tana.

240 846 254 888 s
325 829 402 886 Acta
425 828 537 886 decimo
562 827 710 886 Kalendas
732 828 835 885 Martii
857 845 933 886 anno
956 828 1104 887 M.D.XX.

516 931 547 989 in
570 932 708 1003 occipitio
732 931 915 990 Germaniae.

310 1136 440 1194 Discreti
455 1135 555 1194 fratris
571 1136 718 1194 Dominici
732 1135 902 1210 Leucopygi
922 1137 1118 1209 Pomposiani,
1143 1155 1206 1196 our·

268 1231 342 1289 soris
365 1231 396 1288 in
411 1231 579 1304 theolongia
595 1236 625 1289 et
640 1231 738 1290 statim
754 1231 946 1303 magistrandi
961 1232 1063 1302 nostri,
1088 1247 1206 1291 carmen

267 1320 517 1406 adxaprucq'ptov,
546 1325 624 1399 quod
652 1327 772 1384 sanitati
799 1327 937 1384 restituto
959 1327 1203 1386 reverendissimo

266 1421 406 1493 magistro
422 1425 524 1479 nostro
540 1421 634 1478 Eckio
651 1437 687 1478 ex
709 1425 840 1492 tempore
857 1427 887 1478 ct
908 1438 966 1480 uno
982 1421 1087 1494 spin'tu
1102 1421 1205 1480 effudit

225 1533 252 1576 10
267 1532 338 1587 prae
361 1515 478 1588 gaudio.
501 1514 581 1588 Lege
606 1514 740 1574 feliciter.

309 1610 452 1679 Plaudite,
477 1610 632 1668 barbariae
655 1627 801 1683 proceres,
826 1610 961 1683 gaudete,
985 1611 1149 1683 sophistae!

380 1704 491 1762 Eckius
515 1721 532 1762 a
555 1704 663 1777 Stygiis
685 1704 828 1774 faucibus,
854 1722 931 1775 ecce,
955 1706 1042 1776 redit,

309 1797 364 1870 Qui
387 1799 471 1856 simul
494 1815 529 1856 ac
551 1798 651 1870 tepido
674 1800 773 1871 posuit
787 1798 918 1857 membra
933 1817 1022 1872 aegra
1047 1800 1170 1872 grabato

379 1893 442 1951 Iam
465 1892 711 1966 Phlegethonteas
734 1899 815 1952 trans
839 1894 971 1952 abiturus
994 1911 1094 1967 aquas.

226 2007 253 2049 15
310 1987 477 2060 Barbaries,
503 1988 594 2046 dulcis
617 1988 720 2047 morbo
742 1989 900 2061 perterrita
925 1989 996 2058 nati,

377 2085 446 2157 lpsa
468 2101 535 2141 suas
558 2082 652 2141 fertur
675 2083 850 2141 dilacerasse
874 2099 981 2141 comas.

310 2178 405 2236 Stulta
429 2178 604 2250 Superstitio
627 2182 756 2236 maestae
780 2194 933 2251 compassa
955 2177 1050 2236 soron⁸

378 2271 502 2330 Adflixit
524 2273 638 2330 miseris
661 2273 758 2330 tristia
781 2271 871 2331 corda
892 2273 996 2330 modis.

310 2366 455 2439 Tempora
476 2385 552 2424 nunc
575 2367 698 2426 redeunt
720 2366 888 2425 mehoribus
910 2367 1011 2424 inclita
1032 2365 1111 2438 fatis,

223 2480 252 2523 ao
378 2462 463 2519 Nunc
485 2463 688 2520 Acheronteos
716 2463 860 2521 credimus
884 2479 948 2520 esse
972 2462 1052 2531 deos,

225 2566 328 2624 [osup]
351 2556 435 2614 Nunc
457 2557 564 2614 iterum
586 2557 708 2615 elumbis
725 2556 880 2630 Chrysippi
906 2562 1010 2630 regnat
1024 2557 1179 2629 Elenchus,

378 2650 541 2722 Perstrepit
564 2656 594 2709 et
616 2652 725 2709 clarum
748 2651 848 2709 Stoica
870 2651 942 2709 sella
965 2647 1101 2730 ‘corpor’⁸

309 2745 429 2814 Euhius,
453 2749 487 2801 ut
508 2745 611 2817 glauca
634 2761 699 2802 cum
722 2745 841 2803 Pallade
864 2745 938 2803 nolit
959 2747 1074 2819 Apollo,

378 2839 466 2910 Vivit,
490 2844 523 2896 ut
544 2840 677 2897 insanum
699 2839 786 2898 turba
809 2839 920 2898 diserta
941 2847 1047 2913 gemat.

223 2953 252 2997 as
310 2934 369 2993 Vos
393 2951 463 3006 ergo
487 2951 502 2992 e
526 2933 630 2991 studiis
654 2950 769 3006 semper
790 2934 911 2992 meliora
936 2922 1060 3007 perosi,

376 3028 455 3100 Quos
477 3028 558 3086 iuvat
579 3029 756 3087 immundam
778 3046 899 3102 pascere
922 3029 1027 3103 glande
1050 3030 1154 3103 gulam,

309 3123 453 3193 Plaudite,
477 3121 632 3181 barbariae
654 3140 801 3196 proceres,
825 3125 961 3196 gaudete,
985 3125 1148 3197 sophistae!

380 3217 445 3276 Hoc
467 3218 532 3275 vivo
556 3222 707 3276 aeternum
729 3219 823 3291 gloria
846 3224 944 3277 vestra
965 3225 1072 3277 manet.

310 3312 421 3383 Quodsi
444 3312 568 3385 aliquem
590 3312 708 3370 morbus
733 3313 768 3370 de
791 3313 874 3371 vobis
897 3314 1026 3371 sonticus
1049 3315 1138 3386 angit,

224 3425 253 3468 ao
379 3405 515 3479 Chirurgi
537 3407 631 3478 istius,
657 3408 786 3477 consulo,
809 3413 913 3480 poscat
935 3425 1033 3480 opem:

307 3500 455 3558 Auxilium
478 3501 605 3559 subitum
629 3506 659 3559 et
680 3502 802 3560 miratus
825 3501 983 3574 pharmaca
1006 3501 1097 3560 dicet:

377 3593 445 3651 Non
467 3609 521 3667 ego
545 3593 702 3653 Chironem
724 3594 839 3652 mallem
861 3594 998 3653 habuisse
1020 3595 1137 3655 bonum.
