2774 4152
504 205 615 251 scarus
637 204 829 251 cuneumve.
1112 193 1152 251 25

178 394 251 452 [cijru]
283 384 406 441 Amici.
429 377 432 462 l
453 382 600 452 Pessimis
624 382 681 438 nisi
703 387 736 438 tu
758 380 795 438 ab
816 381 895 438 omni
909 380 975 438 labe
990 398 1079 454 purus
1103 381 1152 439 sis

285 495 429 553 Eckius.
454 495 495 552 Et
516 494 688 566 purissimus
712 493 836 566 quidem.
862 492 921 550 Sed
936 494 1072 566 quoniam
1088 510 1154 551 con-

244 589 322 648 fiteri
349 606 397 646 res
424 590 463 646 sit
489 587 584 646 facilis
613 592 642 646 et
669 589 822 661 unicuique
854 604 927 661 quae
960 588 1057 646 dicere
1085 589 1156 646 velit

244 689 295 743 aut
321 685 395 742 nolit
421 683 554 754 liberum,
578 683 665 756 agite,
682 683 765 740 vobis
781 700 844 741 mos
860 688 992 755 geratur:
1017 683 1154 741 adveniat

208 780 306 840 silla!
334 813 377 820 —

286 882 446 941 Auditor.
472 881 566 950 Salve,
589 882 730 954 magister
751 885 860 939 noster.

286 977 429 1034 Eckius.
454 976 495 1033 Et
517 981 558 1046 tu,
581 980 674 1048 pater,
700 976 787 1033 salve.

286 1071 456 1128 Auditor.
483 1069 542 1128 Cur
563 1074 684 1128 vocatus
708 1067 791 1127 sum?

287 1166 429 1224 Eckius.
454 1165 493 1222 Vt
516 1165 623 1222 delicta
645 1181 710 1222 mea
733 1164 845 1222 audias.

192 1287 221 1329 10
287 1268 450 1326 Auditor.
475 1267 537 1325 lam
559 1267 663 1324 millies
687 1267 797 1340 audivi3
823 1268 923 1339 occipe
946 1271 1052 1324 tamen.

286 1371 428 1429 Euhius.
457 1370 522 1443 Ego
551 1371 676 1428 Ioannes
703 1370 824 1441 Eckius,
854 1371 960 1428 artium
990 1369 1154 1427 liberalium

244 1466 384 1538 magister
406 1482 441 1523 ae
464 1457 569 1522 sacrae
588 1465 755 1538 theologiae
778 1465 890 1534 doctor,
918 1465 987 1522 licet
1009 1464 1154 1537 indignus,

246 1561 401 1618 canonicus
424 1560 622 1632 Eystettensis
645 1577 731 1617 verus
755 1564 784 1616 et
798 1577 858 1618 non
872 1558 966 1628 fictur,
990 1564 1024 1616 ut
1039 1558 1156 1632 quidam

243 1660 378 1727 nugatur,
395 1655 583 1712 cancellarius
600 1660 665 1724 eta,
683 1655 848 1712 ordinarius
865 1655 1011 1725 ete.,iuris
1024 1653 1156 1711 canonici

193 1769 221 1811 15
245 1750 356 1818 doctor,
382 1749 473 1806 civilis
496 1766 566 1807 vero
594 1749 787 1819 doctissimus
816 1748 944 1818 Italicus,
972 1749 1154 1817 Austriacus,

245 1843 405 1902 Saronicus
428 1844 623 1916 triumphator
646 1849 675 1902 et
698 1861 812 1916 semper
835 1888 841 1900 .
868 1888 873 1900 .

288 1955 452 2013 Auditor.
479 1951 743 2032 ..ματαιότατος
770 1972 822 2012 seu
847 1955 938 2012 mavis
960 1950 1151 2032 μωρότατος.

246 2049 322 2120 Quin
343 2055 375 2106 tu
398 2054 520 2122 peccata
535 2065 685 2124 recenses;
709 2050 765 2108 hoc
781 2051 857 2108 enim
872 2050 982 2108 iactare
1006 2053 1059 2120 est,
1076 2050 1155 2108 haud

247 2143 388 2203 confiteri.

193 2265 224 2308 ao
288 2247 429 2306 Eekius.
455 2247 612 2317 Quaenam,
637 2247 752 2317 malum,
776 2244 918 2320 peccata?

288 2342 449 2400 Auditor.
474 2342 692 2411 Temulentiam.

288 2435 431 2494 Eckius.
456 2436 497 2493 At
520 2453 572 2494 cur
594 2434 682 2494 sitio?

290 2531 458 2588 Auditor.
482 2530 656 2588 Libidinem.

186 2697 189 2700 Α
289 2624 430 2682 Eckius.
455 2625 607 2683 Humanae
630 2630 752 2682 naturae
775 2623 963 2698 fragilitatem
987 2621 1080 2683 dicis?

211 2745 223 2760 ⁷
290 2727 453 2786 Auditor.
478 2728 630 2786 Invidiam.

289 2829 434 2887 Eckius.
459 2829 611 2888 Peculium
633 2829 836 2902 theologorum
858 2827 980 2888 vitium?

290 2932 454 2990 Auditor.
478 2933 564 2990 Iram.

290 3034 432 3092 Eckius.
457 3035 498 3092 Et
521 3035 584 3108 quis
608 3035 696 3092 animi
722 3036 875 3107 passiones
903 3050 1018 3106 semper
1039 3032 1156 3092 frenare

247 3127 367 3202 posset?

196 3251 225 3294 eo
291 3231 455 3290 Auditor.
482 3231 541 3289 Cur
562 3233 652 3304 igitur
673 3250 720 3290 me
740 3228 914 3290 advocasti?

291 3325 436 3383 Eckius.
462 3325 521 3383 Cur
543 3327 633 3399 igitur
652 3328 738 3385 amici
753 3323 885 3384 iussere?
909 3325 978 3384 Mea
994 3325 1070 3383 enim
1085 3325 1157 3383 nihil

246 3419 403 3478 referebat.

252 3614 275 3648 ¹⁷
292 3611 476 3670 Verissimus.
515 3612 713 3668 stultissimus.
