2774 4152
499 215 610 260 conns
633 212 824 259 nnnonnrvs.
1133 201 1151 278 5

283 394 426 452 Eckius.
455 394 496 450 At
521 409 597 449 nunc
624 408 676 448 vos
704 391 857 462 advocavi,
886 391 929 448 uti
963 391 993 447 in
1026 389 1153 447 medium

243 488 415 559 consulatis;
450 487 565 560 quantis
597 487 673 544 enirn
701 487 911 544 circumventus
941 485 994 542 sim
1027 484 1153 542 miseriis

241 583 411 656 quantisque
435 598 591 653 oppressus
615 579 842 648 calamitatibus,
871 583 984 638 vosmet
1010 579 1067 651 ipsi
1093 596 1153 637 cer·

177 687 262 744 [Aiijb]
291 677 368 734 nitis.
398 675 461 745 Quo
488 680 575 747 pacto
601 675 692 747 igitur
718 691 754 732 ex
780 674 971 732 incommodis
998 673 1063 731 istis
1083 670 1088 754 Ι
1107 690 1152 731 me

205 790 219 832 5
242 772 385 829 extricare
408 770 595 841 inprimisque
619 768 714 825 dirum
737 785 792 841 quo
816 768 964 841 decoquor
988 768 1154 826 incendium

240 866 425 938 exstinguere
452 865 565 921 valeam
592 863 727 933 edocet-e,
757 863 883 921 notulis
910 868 1066 936 tantusque
1087 879 1152 935 per-

239 957 302 1018 eam
325 959 433 1018 artifex
456 975 490 1016 ac
510 958 592 1016 vobis
616 958 797 1016 amicissimis
824 959 896 1016 meis
920 957 1050 1016 dolorem
1073 973 1152 1015 acer-

238 1054 389 1113 bissimum
412 1071 447 1110 ac
470 1053 677 1124 sempiternum
700 1053 757 1110 mei
779 1053 939 1125 relinquam
964 1052 1151 1110 desiderium.

283 1157 382 1216 Puer.
408 1155 587 1214 Cantharum
609 1155 716 1229 fugito!

191 1281 218 1322 ro
282 1261 428 1318 Eckius.
453 1260 598 1330 Quidnam
620 1258 780 1317 trifurcifer
806 1258 965 1333 obgannit‘?

283 1364 384 1422 Puer.
408 1363 466 1433 Nil,
491 1364 575 1435 here3
600 1364 771 1421 cantharum
794 1363 977 1436 quaerebam.

285 1469 407 1525 Amici.
432 1469 473 1524 At
495 1468 564 1540 quid
580 1468 668 1537 aliud,
693 1485 778 1540 quam
793 1485 852 1525 non
866 1485 929 1537 nos,
954 1466 1007 1525 sed
1021 1467 1151 1526 medicos

245 1559 399 1620 consulas?

285 1665 428 1722 Eckius.
465 1662 520 1732 Τίς
553 1658 621 1744 δῆτ’
655 1659 761 1744 ἰατρός
794 1659 881 1724 ἐστιν
908 1660 943 1725 ἐν
970 1661 1008 1748 τῇ
1035 1658 1150 1724 adfer?

189 1778 216 1820 15
244 1758 381 1829 Quamns
405 1760 480 1816 enim
497 1766 666 1818 cunctorum
681 1760 841 1832 periculum
855 1759 921 1830 feci,
945 1761 1037 1833 magis
1054 1766 1153 1818 tamen

239 1853 357 1911 illorum
381 1852 474 1913 obfuit
496 1872 582 1928 quam
602 1853 713 1927 profuit
736 1871 834 1927 opera

281 1957 382 2014 Puer.
407 1957 476 2014 Plus
499 1963 597 2016 tamcn
620 1959 776 2016 cantharus
800 1957 902 2016 obfuit.

283 2060 428 2118 Eckius.
454 2061 530 2144 Quid
554 2061 682 2119 oblatrat
703 2059 899 2135 propudium?

283 2163 382 2221 Puer.
409 2163 581 2234 Cantharus‚
604 2165 729 2238 inquam,
752 2163 873 2237 profuit.

191 2283 220 2324 so
285 2266 424 2324 Eokius.
450 2266 550 2325 Solum
571 2268 627 2326 boo
650 2272 744 2340 recte3
768 2285 835 2325 nam
858 2268 935 2340 quod
958 2267 1038 2340 spiro
1062 2267 1150 2341 quod·

243 2377 297 2431 que
319 2361 401 2418 vitali
423 2360 560 2433 perfruor
582 2379 662 2432 aura,
685 2379 744 2420 non
766 2360 902 2432 medicis,
931 2362 984 2420 sed
1007 2363 1062 2420 soli
1085 2379 1151 2420 cau-

240 2454 326 2512 tharo
349 2461 501 2528 acceptum
523 2455 628 2514 refero.

282 2558 405 2615 Amici.
430 2559 558 2632 Egregio
582 2576 613 2618 es
636 2576 706 2616 usus
728 2559 857 2630 medico,
887 2560 939 2618 sed
966 2577 1031 2618 curn
1057 2560 1150 2618 nostri

238 2651 313 2709 adeo
337 2651 391 2709 tibi
419 2653 548 2723 sordent,
581 2652 667 2712 facile
695 2654 752 2710 erit
779 2654 895 2712 aliunde
921 2655 1077 2727 peritiores
1105 2670 1151 2712 ao·

187 2761 363 2805 accersere.
393 2745 450 2804 Vin
472 2747 562 2819 igitur
595 2748 637 2830 ad
660 2747 900 2821 Salzburgensem
931 2749 1079 2806 mittamus
1106 2765 1151 2808 ar-

239 2838 477 2912 chiepiscopum?
501 2841 530 2898 Is
546 2843 631 2911 enim,
656 2847 688 2900 ut
704 2847 749 2900 est
763 2844 899 2915 princeps
915 2843 1149 2913 humanissimus,

237 2933 292 2991 tibi
316 2951 384 2992 snos
406 2952 466 2994 non
487 2935 643 3009 denegabit
665 2937 803 3008 medicos
828 2942 858 2995 et
881 2938 905 2995 si
921 2937 1034 2996 Ricium
1056 2937 1151 3008 ipsum

239 3029 450 3100 expostulabia

279 3140 422 3199 Eckius.
447 3139 582 3200 Ricium?
605 3144 708 3216 Apage
728 3160 806 3202 ame
822 3143 977 3212 hominem,
1002 3143 1151 3200 aculeatus

188 3251 216 3293 30
239 3239 284 3292 est
307 3240 337 3292 ct
359 3253 404 3294 me
429 3236 481 3294 sub
507 3237 655 3296 caniculae
683 3242 779 3296 ortum
806 3237 978 3310 quandoque
1001 3241 1150 3294 oraturum

234 3329 396 3403 praedixit3
433 3332 502 3404 quin
538 3337 570 3388 ut
606 3332 717 3390 caelum
756 3349 840 3390 suurn
879 3331 976 3403 aliqua
1008 3331 1152 3389 animaret

171 3463 376 3476 ——u-

241 3522 261 3556 ¹⁴
280 3523 322 3576 At
341 3524 403 3589 quis
422 3523 475 3604 iam
495 3523 524 3578 in
543 3524 658 3579 civitate
676 3523 796 3578 medicus
816 3524 878 3578 est?

240 3608 261 3642 ²⁸
279 3608 390 3664 Ericius
411 3609 503 3664 idest
522 3609 627 3666 Ricius.
