2774 4152
585 239 696 284 acnvs
718 239 909 285 DEDOLATVS.

320 414 434 473 bantur.
459 415 530 473 Ideo
553 432 606 474 nec
622 415 732 472 orando
755 431 809 472 nec
835 414 1017 472 obsecrando
1033 414 1102 487 quid
1118 412 1236 473 efficere

319 509 410 582 potui.

362 613 504 670 Eokius.
529 612 569 669 Et
591 612 660 685 quid
681 608 933 684 praetendebant?

362 716 465 773 Puer.
488 715 571 772 Alius
600 715 688 784 aliud,
718 732 817 773 omnes
845 719 944 773 tamen
971 721 1110 787 quassato
1138 716 1234 788 capite

287 829 301 870 a
324 812 424 868 tritum
446 810 517 867 illud
540 809 746 880 decantabant,
774 803 825 870 ὅτι
847 803 951 868 πάλαι
973 806 1045 868 ποτ’
1068 803 1150 890 ἦσαν
1172 804 1235 868 ἄλ-

320 923 406 981 κιμοι
429 898 590 983 Μιλήσιοι.

361 1008 505 1065 Eokius.
531 1003 611 1076 nso,
641 1013 671 1065 et
692 1007 761 1078 hoc,
790 1013 944 1081 postquam
968 1026 1004 1066 ex
1031 1007 1149 1080 Lipsioa
1177 1007 1235 1066 dis-

317 1103 469 1174 putatione
492 1102 648 1174 gloriosior
670 1118 756 1174 quam
777 1119 904 1175 unquam
926 1102 1078 1160 redierim!

361 1196 459 1254 Puer.
485 1196 649 1254 Gloriosior
671 1213 708 1253 an
731 1197 870 1266 odiosior,
895 1202 957 1254 tute
979 1197 1097 1254 videris.

268 1309 296 1351 10
360 1290 502 1349 Eckius.
527 1291 665 1349 Pessimis
687 1291 778 1364 igitur
800 1291 981 1364 despicatum
1003 1308 1049 1349 me
1072 1290 1166 1348 modis
1183 1291 1233 1349 ad·

318 1382 410 1443 seris?

360 1488 458 1546 Puer.
483 1489 647 1548 Hariolare.

360 1583 502 1641 Eckius.
528 1583 586 1640 Sed
609 1601 667 1641 non
682 1585 798 1655 impune
814 1583 917 1652 ferent,
942 1582 1019 1655 quod
1045 1599 1090 1639 me
1107 1580 1231 1638 subdola

316 1677 372 1735 huo
387 1695 477 1749 usque
492 1678 638 1734 lactarunt
654 1677 791 1746 amicitia,
808 1694 884 1734 nuno
899 1693 967 1734 vero
983 1676 1058 1732 ludis
1078 1673 1229 1732 ludificant

269 1791 295 1832 15
317 1770 551 1828 ludificabilibus.
577 1770 648 1827 Cum
669 1769 872 1842 praesentibus
895 1775 992 1826 tamen
1015 1785 1076 1825 rem
1099 1771 1228 1824 nostram

316 1883 442 1938 agemus.
468 1864 526 1922 Sed
540 1865 620 1936 prius
637 1864 815 1932 cantharum,
840 1869 871 1919 ut
886 1869 953 1934 post
976 1879 1106 1920 somnum
1127 1859 1225 1916 oeulos

318 1956 444 2018 abluam.

359 2064 456 2121 Puer.
481 2062 621 2129 Palatum
646 2066 678 2117 ut
700 2060 824 2118 videtur.

358 2158 498 2216 Eckius.
524 2155 547 2214 Ο
564 2156 766 2213 suavissimum
782 2173 917 2214 curarum
933 2154 1078 2214 levamen!
1101 2154 1226 2222 Salvete

264 2272 293 2314 ao
316 2253 408 2310 amici.

356 2347 478 2404 Amici.
503 2346 543 2404 Et
566 2351 597 2404 tu
620 2363 732 2419 quoqne
755 2348 851 2405 salvus
875 2347 928 2416 sis,
952 2346 1092 2419 magister
1119 2348 1227 2402 noster.

315 2441 354 2498 Vt
376 2439 475 2499 vales?

357 2544 501 2602 Eckius.
537 2545 576 2601 Vt
611 2547 745 2617 remitis3
780 2547 836 2602 nisi
870 2546 946 2602 enim
980 2543 1112 2601 canthari
1142 2543 1227 2599 huius

315 2639 445 2696 subsidio
469 2643 619 2696 recreatus
642 2637 775 2706 fuissem,
799 2639 857 2695 iarn
880 2638 993 2708 pridem
1018 2638 1049 2693 in
1072 2635 1140 2694 Orci
1163 2653 1229 2694 con-

263 2752 293 2794 as
315 2750 485 2791 numerarer
506 2731 629 2790 familia:
653 2736 699 2788 tot
721 2736 874 2802 tantasque
897 2747 1051 2788 aerumnas
1075 2731 1169 2802 exigo.

357 2836 480 2894 Amici.
498 2835 565 2904 Pro,
587 2840 695 2907 quanta
710 2834 828 2890 humani
843 2834 958 2906 gerrems
981 2834 1108 2892 iactura!
1132 2834 1228 2905 Quod·

316 2932 342 2989 si
367 2948 414 2989 res
443 2947 479 2988 ex
504 2934 606 2987 nostro
633 2927 808 3000 procederet
834 2927 991 2998 arbitratu,
1026 2930 1085 2987 iam
1115 2930 1227 3002 pridem

315 3027 400 3084 beate
424 3025 554 3098 degeres,
579 3040 633 3081 nec
656 3023 807 3095 quicquam
829 3023 859 3079 in
875 3026 1023 3096 praesenti
1039 3025 1092 3083 tibi
1116 3027 1229 3084 doleret

315 3121 440 3179 saeculo.

265 3242 293 3284 ao
358 3224 498 3281 Eckius.
524 3221 547 3280 Ο
572 3220 698 3292 capitula
724 3220 917 3292 lepidissima,
948 3239 1032 3294 quam
1060 3220 1226 3278 amicabiles

316 3319 475 3376 anticorum
498 3317 567 3375 estis
591 3314 690 3372 amici!

359 3413 483 3470 Amici.
509 3411 556 3470 Sie
579 3411 712 3469 solemus.

318 3629 355 3662 Μ·
372 3629 509 3699 Quoniam
527 3630 591 3683 olim
609 3626 715 3682 strenui
734 3631 813 3680 erant
832 3621 945 3678 Milesii.
