2774 4152
604 205 714 249 EOKIVS
736 204 927 249 DEDOLATVS.

365 383 529 440 Auditor.
557 381 607 448 Et,
631 383 660 438 ni
676 381 770 451 fallor,
795 381 847 438 sub
863 381 1082 439 beneuolentiae
1097 384 1256 453 praetextu

321 478 369 536 ille
392 477 446 534 tibi
469 478 629 549 respondit.

278 600 360 658 [oiija]
393 589 536 648 Ecoius,
572 589 629 647 Sed
658 596 686 646 et
710 588 887 661 Capnionem
913 584 914 668 l
939 589 970 644 in
995 587 1093 645 multis
1116 586 1251 644 refellere

321 701 448 757 possum,
465 686 545 756 prius
558 689 655 741 tamen
667 683 835 741 Lutherana
846 683 917 740 mihi
934 683 993 740 tela
1004 682 1182 740 absolvenda
1194 688 1249 749 est,

290 780 387 840 ainde
409 780 526 837 Zasium
543 785 573 836 et
588 780 727 850 optimum
743 794 882 850 quemque
897 777 1043 835 mordicus
1060 776 1204 848 adripiam
1221 783 1251 834 et

320 874 403 946 quasi
425 874 522 931 Titani
550 891 614 930 oum
641 873 697 930 diis
723 872 916 944 belligerabo:
947 889 1010 930 cum
1037 873 1113 928 enim
1136 874 1248 929 eunetis

320 969 453 1026 electrina
475 973 505 1026 et
527 969 684 1040 prudentia
706 967 885 1036 antecedam,
909 967 1054 1024 neminem
1075 965 1202 1025 formido
1219 971 1250 1024 et

318 1064 444 1121 omnium
466 1063 583 1120 minime
606 1063 761 1120 canomeos
784 1061 928 1119 indoctos.

359 1174 520 1232 Auditor.
549 1173 688 1230 Fortiter.
718 1172 776 1230 Sed
803 1173 841 1230 ad
867 1173 924 1230 hoe
951 1187 1059 1245 quaeso
1087 1172 1246 1242 responde:

274 1288 301 1330 1o
317 1286 384 1326 num
406 1285 477 1326 vera
499 1285 563 1325 esse
587 1267 739 1325 arbitraris
763 1284 836 1340 quae
857 1266 999 1338 defendis,
1023 1267 1115 1324 etita
1134 1267 1248 1338 reipsa

316 1365 414 1434 sentis,
439 1363 681 1436 quemadmodum
705 1362 808 1420 seribis
832 1367 862 1419 et
883 1359 1031 1434 loqueris?

357 1475 500 1533 Eokius.
524 1473 712 1534 Bonaverba
728 1491 850 1546 quaeso,
868 1474 930 1546 quis
947 1475 1022 1532 enim
1037 1473 1080 1530 ita
1096 1473 1243 1544 deliraret,

313 1576 346 1626 ut
367 1587 426 1628 non
448 1571 478 1627 in
500 1570 555 1627 hae
572 1586 660 1626 eausa
675 1569 748 1626 elam
765 1586 828 1626 eum
844 1569 973 1628 Martino
990 1569 1120 1637 sentiret,
1148 1585 1245 1640 quam-

313 1665 355 1721 vis
378 1664 474 1736 palam
498 1664 583 1720 aliter
606 1661 776 1720 simularet?

270 1793 297 1835 is
355 1775 517 1832 Auditor.
543 1775 621 1832 Mira
644 1779 673 1831 et
694 1775 854 1846 pugnantia
875 1774 1012 1847 loqueris.

355 1886 497 1944 Eokius.
527 1885 616 1956 Quasi
643 1903 701 1944 non
727 1887 815 1944 liceat
838 1887 918 1944 aliud
940 1888 1047 1958 dicere,
1073 1887 1151 1944 aliud
1173 1904 1242 1946 vero

313 1982 457 2052 simulare,
481 1982 606 2038 maxime
628 1981 679 2038 ubi
702 1981 738 2039 de
762 1987 883 2054 quaestu
906 1983 1010 2054 agitur.

353 2093 516 2151 Auditor.
541 2092 621 2165 Ergo
641 2094 733 2164 magis
750 2099 887 2166 quaestus
903 2111 988 2166 quam
1004 2094 1052 2150 dei
1066 2093 1161 2150 honor
1177 2109 1242 2151 oon-

312 2187 484 2245 siderandus
509 2185 573 2244 est?

266 2317 295 2360 ao
352 2298 496 2356 Eekius.
522 2299 598 2369 Quid
614 2299 662 2356 dei
676 2297 790 2357 honor?
815 2298 932 2356 Caelum
949 2299 1021 2357 caeli
1037 2299 1163 2370 domino,
1185 2305 1241 2357 ter·

309 2409 372 2450 ram
395 2397 492 2450 autem
515 2393 597 2450 dedit
622 2392 689 2451 filiis
713 2395 873 2465 hominum;
904 2395 1048 2452 simulatio
1076 2399 1189 2452 tantum
1212 2399 1241 2452 et

308 2487 408 2559 populi
425 2487 548 2544 stultitia
563 2487 648 2545 nobis
677 2489 773 2546 salvae
788 2494 987 2561 permaneant,
1005 2494 1034 2546 et
1048 2489 1089 2546 nil
1103 2489 1188 2546 nobis
1205 2489 1240 2546 de

308 2581 443 2650 internis,
474 2581 629 2641 dummodo
654 2589 775 2640 externa
801 2589 831 2640 et
858 2584 1075 2641 caerimonialia
1096 2585 1153 2641 rite
1174 2599 1240 2656 pro·

309 2675 422 2733 cedant.

263 2804 293 2848 as
350 2786 514 2844 Auditor.
532 2786 614 2844 Haeo
625 2804 701 2845 nova
717 2792 746 2845 et
761 2795 848 2846 antea
860 2791 992 2848 inaudita
1014 2791 1163 2864 theologia
1185 2797 1237 2850 est.

349 2897 495 2954 Eokius.
526 2897 602 2968 Quin
622 2899 720 2970 prisea
743 2905 773 2958 et
794 2901 852 2958 iam
874 2902 988 2973 pridem
1010 2905 1181 2974 inveterata,
1206 2908 1237 2961 tu

307 3009 376 3050 vero
401 2993 568 3050 secretioris
584 2993 763 3066 theologiae,
788 3001 821 3052 ut
843 2997 941 3067 videa,
965 2994 1083 3077 μύστης
1104 2999 1183 3056 haud
1206 3016 1236 3057 es

305 3087 429 3144 necdum
445 3087 559 3144 arcariis
574 3089 715 3158 initiatus,
735 3091 782 3162 qui
798 3091 899 3147 tritum
914 3092 970 3148 hoo
986 3086 1143 3169 σύμβολον
1158 3094 1237 3166 igno·

305 3197 372 3237 rare
395 3181 518 3238 videris:
541 3175 626 3239 ἄλλα
647 3177 783 3254 λαλεῖτε,
807 3177 891 3242 ἄλλα
913 3179 949 3242 δὲ
972 3193 1101 3244 ποιεῖτε.

261 3307 290 3350 eo
347 3292 511 3349 Auditor.
535 3291 611 3351 Vere
639 3295 742 3366 ignoro
769 3312 823 3353 neo
847 3297 871 3353 si
895 3298 1007 3365 scirem,
1032 3299 1076 3356 uti
1098 3299 1191 3356 velim.

346 3393 490 3452 Eokius.
527 3395 584 3453 Sed
610 3397 641 3454 in
668 3414 702 3454 eo
732 3415 843 3472 quoque
866 3399 1011 3458 Martinus
1034 3402 1157 3459 iniurius
1180 3409 1234 3474 est,

304 3488 381 3559 quod
403 3489 556 3560 imperitae
580 3497 609 3548 et
630 3491 772 3563 profanae
793 3494 972 3552 multitudini
991 3496 1236 3568 indulgentiarum

305 3596 413 3638 areana
437 3589 467 3640 et
488 3587 629 3658 mysteria
650 3603 718 3644 vere
735 3586 856 3644 celanda
871 3589 997 3659 prodere
1013 3595 1043 3646 et
1057 3591 1235 3662 imposturas
