2774 4152
503 193 614 239 acnvs
636 193 827 240 puochouva.

267 370 471 443 Chirurgus.
493 365 684 450 Ὑπόκρισις.

266 466 390 524 Amici.
418 465 600 522 Furunculus
622 482 701 523 vero.

267 560 471 632 Chirurgus.
496 553 648 617 Κολακία.

265 655 387 712 Amici.
411 655 453 712 At
474 653 626 712 tubercula
648 655 714 712 ista.

267 757 474 831 Chirurgus.
497 751 628 836 Ἀπάτη.

266 861 390 918 Amici.
415 859 474 918 Sed
496 861 671 932 myrmeciae
693 861 778 919 istae.

266 963 472 1036 Chirurgus.
508 961 703 1042 Προπέτεια,
741 981 827 1037 quam
859 965 969 1023 invidia
1002 970 1032 1024 et
1065 981 1150 1024 omne

220 1075 311 1132 genus
334 1059 480 1128 vitiorum,
509 1075 544 1116 ac
572 1059 596 1116 si
624 1059 654 1116 in
681 1059 810 1117 cloacam
833 1060 977 1132 quandam
1000 1057 1154 1118 confluxis-

222 1158 297 1223 sent,
327 1154 471 1226 sequitur;
499 1154 621 1226 quaesi
653 1154 716 1226 quis
749 1171 920 1213 enumerare
947 1154 1047 1225 vellet,
1083 1160 1152 1212 ante

161 1289 164 1302 .
177 1266 206 1308 10
222 1247 300 1305 diem
316 1247 414 1305 clauso
438 1254 593 1320 componet
608 1265 712 1320 vesper
727 1247 859 1321 Olympo.
877 1248 997 1322 Virgam
1011 1249 1153 1322 porrigite

221 1343 353 1414 ignitam.
374 1343 454 1400 Bene
478 1347 536 1415 est;
564 1343 638 1400 haee
664 1342 794 1412 inurere,
823 1343 897 1401 haee
927 1359 996 1402 vero
1023 1343 1152 1402 incidere

220 1453 341 1494 necesse
365 1442 419 1495 est.
443 1437 527 1494 Nunc
550 1453 619 1495 vero
644 1438 718 1495 cutis
737 1437 905 1496 reducenda
928 1443 958 1496 et
973 1438 1150 1496 consuenda.

221 1530 314 1601 Quam
335 1531 411 1590 belle
434 1537 464 1590 et
486 1533 626 1605 magistro
649 1537 750 1590 nostro
774 1532 936 1591 dormiente
960 1537 1065 1591 cuncta
1091 1550 1154 1592 suc-

221 1643 345 1684 cessere.
368 1626 453 1684 Nune
475 1627 552 1684 ultra
574 1643 737 1699 pergamus.

178 1757 206 1798 15
263 1738 405 1796 Eckius.
431 1737 503 1808 Ohe,
526 1739 645 1812 inguina
667 1739 778 1812 tangisl

264 1849 468 1922 Chirurgus.
493 1850 562 1922 Hui,
592 1867 677 1924 quam
700 1852 759 1910 cito
782 1852 821 1910 ad
848 1851 963 1911 illorum
986 1855 1153 1910 contactum

220 1945 373 2018 evigilasti.
398 1945 513 2015 Videte,
537 1951 570 2004 ut
592 1953 694 2004 acutus
710 1947 803 2004 culter
825 1948 872 2017 sit,
895 1947 1053 2020 praecipue
1076 1947 1152 2004 enim

219 2041 300 2097 ulcus
323 2040 394 2098 illud
416 2041 503 2098 letale
527 2040 714 2098 incidendum
736 2047 793 2110 est,
823 2046 853 2098 et
880 2058 933 2114 ego
962 2039 1152 2098 iamdudum

217 2135 312 2207 gestio
337 2151 462 2194 venereo
485 2136 553 2192 huio
575 2136 714 2208 nepotulo
737 2135 882 2194 abdomen
904 2135 961 2193 hoo
976 2133 1105 2193 adimere
1122 2141 1152 2193 et

173 2247 204 2290 ao
218 2234 356 2302 tanquam
377 2245 468 2302 puero
492 2231 652 2302 crepundia
674 2247 691 2288 a
715 2230 789 2288 collo
816 2230 1003 2303 suspendere.

260 2331 403 2390 Eckius.
429 2332 452 2391 0
477 2349 530 2406 ego
554 2349 607 2405 per
623 2334 696 2392 caeli
718 2333 876 2393 iucundum
890 2333 988 2392 lumen
1003 2340 1033 2394 et
1048 2351 1148 2404 auras,

329 2427 387 2484 Per
409 2429 571 2500 genitorem
593 2445 655 2498 oro,
679 2446 733 2501 per
754 2446 836 2502 spem
859 2429 1004 2502 surgentis
1028 2429 1092 2500 Iuli,

329 2522 382 2579 Vir
414 2522 554 2592 Troiane,
590 2523 651 2581 sine
685 2523 760 2582 hano
791 2524 917 2582 animam
949 2529 981 2583 et
1012 2525 1152 2583 miserere

789 2620 947 2691 precantis.

172 2747 203 2794 25
262 2729 466 2804 Chirurgus,
489 2731 539 2789 Nil
560 2732 632 2805 egis,
656 2731 760 2790 marite
776 2731 900 2805 publice,
930 2730 1153 2790 emasculandus

219 2841 264 2896 es;
290 2825 362 2883 cedo
386 2826 522 2884 cultrum.

260 2935 401 2994 Eckius.
427 2936 458 2994 si
480 2937 564 3007 mihi,
594 2938 639 2994 vir
664 2938 788 3010 optime,
818 2936 1027 3010 supellectilem
1053 2953 1149 2994 meam

216 3031 361 3103 integram
382 3031 547 3104 reliqueris,
577 3047 683 3090 vovens
706 3047 797 3090 voveo
821 3031 1062 3090 Praedicatorum
1083 3031 1150 3089 reli-

217 3125 297 3198 gioni
318 3143 364 3184 me
387 3125 581 3184 addicturum.

165 3407 167 3412 Ι
243 3342 253 3376 ¹
272 3343 444 3412 Hypocrisis.

243 3428 254 3463 ³
272 3427 417 3484 Adulatio.

206 3559 207 3565 ,
244 3513 418 3585 ⁶Deoeptio.

241 3603 251 3638 l
273 3602 438 3658 Temeritas.
