2774 4152
553 185 661 230 ncKIVs
682 184 874 230 nunonhrva

313 357 519 432 Chirurgus.
544 360 594 418 Nil
621 361 723 431 audio,
750 353 866 419 mallem
894 365 991 419 tamen
1019 362 1128 432 tristia,
1162 379 1201 422 ne

268 453 372 524 pietati
395 459 521 512 mentem
544 455 708 513 adhiberes.
1227 459 1228 462 ’

312 556 458 615 Echius.
482 558 545 616 Nec
568 559 622 616 tibi
645 559 713 617 diva
734 576 850 632 parens,
874 559 989 632 generis
1011 576 1066 618 nec
1087 559 1202 618 Darda-

842 654 933 712 danus
959 659 1054 724 autor,

378 745 503 818 Perfida,
528 748 581 806 sed
603 748 683 805 duris
706 749 807 821 genuit
829 754 859 806 te
882 749 1014 806 cautibus
1037 749 1158 807 horrens

239 859 253 900 a
381 841 528 900 Caucasus
552 842 763 916 Hyrcanaeque
786 844 942 902 admorunt
963 843 1055 902 ubera
1077 844 1177 916 tigres

267 935 324 994 Vix
347 936 477 1008 tandem,
503 937 720 1008 scelestissime,
745 939 853 1010 sentio,
882 956 934 996 cur
959 955 1005 996 me
1032 943 1092 996 tam
1119 943 1202 996 arcte

225 1041 310 1098 [maja]
328 1031 420 1104 ligare
447 1026 595 1112 vollueris3
629 1031 682 1090 sed
708 1033 766 1090 iam
793 1032 919 1090 animam
946 1049 1001 1106 ago
1031 1037 1061 1090 et
1088 1033 1202 1090 cruoris

266 1124 409 1198 profluvio
433 1127 551 1184 morior.

310 1219 516 1293 Chirurgus.
550 1221 665 1278 Aenum
697 1221 769 1279 illud
803 1238 867 1279 cum
900 1221 965 1294 pice
992 1219 1118 1279 ferventi
1152 1220 1203 1278 ad-

224 1335 251 1377 10
266 1315 351 1385 ferte,
374 1320 408 1372 ut
430 1316 599 1388 sanguinem
623 1317 768 1373 sistamus.

308 1410 452 1468 Eckius.
476 1409 544 1480 Hui,
569 1410 691 1468 aduror!

311 1504 520 1577 Chirurgus.
545 1505 590 1562 Ne
618 1505 736 1575 timeas
764 1505 865 1576 priora
892 1509 922 1562 et
948 1504 1114 1576 posteriora
1139 1505 1199 1562 iam

267 1600 423 1672 diligenter
444 1600 508 1671 pice
532 1599 669 1656 obturata
695 1604 770 1656 sunt.
800 1599 909 1657 Solvite
936 1599 994 1656 iam
1020 1599 1198 1672 theologum.

267 1694 323 1765 En,
348 1711 434 1766 quam
457 1693 597 1766 glabellus
618 1693 718 1765 pusio!

225 1807 253 1849 15
310 1788 453 1846 Echius
482 1787 524 1844 Et
553 1788 612 1844 iam
639 1787 710 1844 mihi
735 1787 793 1859 ipsi
819 1787 922 1845 melius
949 1787 1059 1845 habere
1086 1788 1197 1846 videor.

267 1883 326 1941 Sed
348 1899 401 1955 per
424 1883 546 1940 salutem
568 1886 696 1940 vestram
718 1882 775 1939 hoc
796 1899 885 1938 unum
908 1899 970 1952 oro,
994 1900 1030 1940 ne
1046 1899 1108 1940 rem
1123 1883 1200 1942 hanc

269 1978 436 2051 divulgetis3
449 1978 517 2035 novi
530 1977 614 2048 enim,
630 1977 713 2034 sires
726 1976 940 2034 scelestissimis
952 1977 1008 2034 illis
1021 1976 1200 2035 Wittenber-

267 2073 404 2146 gensihus
428 2073 523 2144 poetis
547 2089 599 2130 seu
621 2071 777 2129 maledicto
800 2071 931 2128 Hutteno
954 2089 1111 2144 parumper
1133 2071 1199 2129 suh-

268 2169 387 2238 cluent,
425 2166 578 2225 confestim
611 2166 792 2224 comoediam
826 2166 951 2238 aliquam
985 2166 1114 2224 scribent
1147 2183 1200 2224 seu

222 2281 251 2323 ao
266 2263 364 2335 potius
386 2261 515 2318 fabulam
537 2263 630 2332 ipsam
652 2261 748 2334 palam
771 2265 866 2333 agent.

311 2355 519 2428 Chirurgus
549 2357 594 2414 Ne
621 2357 739 2425 timeas,
773 2355 876 2413 saltem
907 2356 938 2412 in
970 2354 1026 2412 hoc
1053 2354 1107 2412 tibi
1133 2372 1198 2412 mos

267 2457 399 2524 geratur3
427 2469 511 2509 nemo
540 2452 616 2508 enim
638 2468 699 2508 rem
723 2451 809 2520 sciet,
838 2450 895 2507 nisi
923 2450 971 2522 qui
999 2449 1096 2507 omnia
1117 2450 1199 2522 igno-

267 2546 384 2604 raverit.
425 2545 483 2603 Sed
516 2547 574 2604 iam
608 2550 721 2618 tempus
755 2545 883 2603 abeundi
920 2545 1019 2602 instat.
1059 2545 1200 2617 Nunquid

267 2640 346 2699 aliud
368 2637 432 2697 vis?

224 2755 252 2798 25
309 2735 453 2794 Eckius.
482 2734 531 2790 Nil
553 2734 610 2791 nisi
637 2733 714 2806 quod
735 2732 925 2805 Lipsensibus
953 2735 1025 2792 meis
1052 2751 1198 2792 unacum

267 2829 370 2888 Rubeo
392 2833 494 2887 nostro
517 2829 627 2901 gratias
651 2844 720 2900 agas
743 2844 845 2900 meque
867 2828 898 2884 in
920 2829 1076 2887 multorum
1103 2829 1199 2900 perni-

267 2926 341 2984 ciem
367 2924 464 2982 vivere
492 2939 651 2982 ansanum
677 2922 843 2995 salvumque
871 2939 936 2981 esse
964 2923 1118 2982 adnuntias
1144 2939 1199 2981 nec

267 3019 391 3078 testibus
428 3035 528 3076 carere
565 3017 652 3090 idque
685 3017 797 3090 magnis
830 3017 955 3076 testibus
991 3035 1037 3076 me
1069 3017 1197 3090 probare

266 3131 367 3188 posse,
392 3114 495 3172 dentes
517 3128 586 3170 vero
611 3129 778 3184 superesse,
806 3129 865 3171 non
892 3117 952 3170 tam
979 3117 1011 3169 ut
1036 3111 1196 3182 mordeam,

224 3229 252 3271 so
268 3227 353 3284 quam
375 3214 408 3266 ut
430 3209 533 3266 canino
556 3207 633 3264 rictu
655 3207 765 3278 optimo
789 3207 891 3280 cuique
914 3207 1065 3265 adlatrem.

311 3303 516 3376 Chirurgus
541 3303 622 3374 Fiet;
647 3301 699 3359 sed
720 3302 850 3374 nunquid
873 3302 951 3360 aliud
974 3299 1037 3359 vis?
1080 3319 1083 3324 ·

308 3399 453 3457 Eckius
478 3398 547 3455 Illos
569 3414 623 3470 pro
645 3397 795 3455 laboribus
812 3396 866 3454 tibi
881 3395 1051 3454 satisfacere
1067 3395 1196 3469 iubebis;

266 3494 337 3552 mihi
370 3493 445 3550 enim
473 3493 531 3550 iam
558 3491 680 3549 Romam
713 3492 883 3563 properanti
913 3491 1065 3562 pecuniam
1097 3491 1196 3562 pot-ius

266 3586 423 3647 corradere
446 3603 531 3658 quam
555 3586 719 3658 expendere
741 3600 862 3642 necesse
885 3589 937 3641 est.
963 3582 1035 3640 Cum
1061 3600 1129 3642 vero
1153 3601 1197 3643 re-
