2774 4152
260 220 299 278 36
583 229 694 274 aomvs
716 229 907 276 canonarvs

299 407 461 480 positiones
478 407 614 476 maiores,
631 406 767 476 minores,
786 406 949 474 corollaria,
966 407 1127 478 porismata
1142 411 1172 464 et
1187 423 1232 464 re·

302 504 380 576 liqna
402 502 433 559 id
455 518 545 574 genus
568 505 753 573 nugamenta.

343 607 464 663 Amici.
490 604 556 674 Pro,
582 608 690 676 quanta
712 604 849 662 inluvies!

344 709 547 781 Chirurgus.
573 708 676 766 Omnia
700 725 764 766 cum
780 708 891 780 capillis
907 707 1079 766 abiciantur.
1105 709 1180 779 Quin
1196 725 1232 768 ex

271 805 437 867 sauriculis
461 805 591 861 inaurem
614 803 745 862 detrahe.

343 901 489 958 Tonsor.
515 898 732 970 Chrysopassus
755 898 879 956 ridetur.

345 1003 550 1074 Chirurgus
568 994 858 1077 Μολυβδόπασσος.
875 1001 934 1059 Sed
945 1002 1043 1073 potius
1055 1002 1161 1060 vitnrm
1173 1007 1231 1074 est3

301 1097 422 1156 detrahe
446 1102 552 1154 tamen.
583 1095 679 1166 Proin,
705 1096 849 1167 theologe.
873 1096 1001 1169 linguam
1024 1113 1135 1154 exsere.
1163 1095 1231 1166 Pru,

301 1209 386 1266 quam
401 1192 485 1264 nigra
501 1195 530 1248 et
546 1190 666 1248 sordida
682 1190 773 1262 sedet,
789 1189 903 1248 bisulca
919 1195 973 1247 est.
990 1189 1135 1248 Forficem
1148 1191 1229 1260 cedo,

258 1307 285 1349 10
300 1293 331 1346 ut
343 1304 412 1360 pars
428 1287 521 1343 altera
533 1271 732 1343 detruncetur.
749 1283 807 1342 Sed
824 1289 854 1342 et
865 1285 1011 1356 ingentem
1023 1285 1103 1342 illum
1116 1285 1233 1342 dentem

301 1383 435 1440 caninum
452 1397 553 1438 eruere
569 1397 689 1438 necesse
706 1385 764 1437 est:
781 1379 853 1437 cedo
866 1377 1016 1451 forcipem.
1039 1379 1120 1438 Bene
1132 1379 1230 1450 habet,

302 1483 389 1550 caput
412 1476 621 1548 aliquantisper
635 1479 790 1548 purgatum
805 1479 862 1546 est,
887 1474 926 1532 ad
940 1475 1052 1547 reliqua
1066 1492 1230 1548 pergamus.

301 1573 398 1630 Funes
422 1570 503 1629 cedo.

344 1665 485 1723 Eckius.
511 1663 649 1731 Obsecro,
674 1680 710 1720 ne
730 1680 775 1720 me
792 1664 929 1736 conligas,
953 1680 1021 1720 nam
1036 1664 1147 1721 solutus
1164 1681 1232 1737 quo·

260 1782 286 1822 15
302 1778 356 1834 que
379 1759 496 1816 fortiter
518 1759 689 1815 incisionem
704 1757 846 1827 tolerabo,
871 1759 913 1815 ita
927 1763 960 1814 ut
974 1759 1020 1816 vel
1036 1757 1177 1816 Catonem
1192 1760 1231 1816 vi·

302 1857 376 1913 cisse
400 1853 564 1910 constantia
586 1852 695 1908 videar.

345 1949 548 2019 Chirurgus.
566 1946 615 2002 Nil
635 1947 697 2018 agis
714 1951 743 2003 et
754 1946 841 2018 paulo
853 1952 921 2018 post
936 1947 1096 2019 intelleges,
1114 1965 1233 2006 curnam

301 2044 422 2102 vinculis
446 2059 518 2114 opus
541 2040 638 2098 luerit..

343 2138 487 2197 Eckius.
512 2136 556 2192 Ac
580 2135 648 2207 quid
671 2152 746 2192 nunc
769 2133 840 2192 fiet?

256 2253 285 2294 ao
345 2233 550 2303 Chirurgus.
587 2228 658 2286 Cum
686 2247 770 2286 omne
798 2230 899 2286 vitium
926 2230 1004 2287 intus
1033 2235 1062 2288 et
1089 2230 1141 2288 sub
1166 2236 1232 2288 cute

257 2328 463 2396 sospitatem,
488 2330 625 2397 tanquam
645 2323 782 2396 Marsyae
805 2318 897 2405 pelllis
920 2323 975 2380 tibi
989 2325 1114 2396 primum
1137 2326 1233 2382 detra·

301 2422 397 2479 henda
420 2425 473 2478 est.

343 2515 484 2574 Eckius.
509 2510 642 2571 Vivone?

345 2618 548 2688 Chirurgus.
566 2616 632 2672 Nisi
651 2620 683 2672 tu
698 2615 778 2686 prius
794 2615 824 2671 in
839 2613 901 2672 fata
922 2615 1082 2674 concedere
1099 2621 1231 2688 exoptas.

257 2742 286 2783 as
344 2721 487 2778 Echius
512 2719 622 2789 Apage,
648 2717 700 2774 sed
724 2717 825 2774 dolore
849 2719 983 2775 emoriar.

343 2823 545 2894 Chirurgus.
571 2818 702 2888 Confido,
725 2819 923 2890 potiunculam
946 2820 1001 2877 tibi
1019 2820 1167 2893 praebebo
1188 2838 1234 2879 so-

300 2917 471 2993 poriferam3
501 2932 586 2988 quam
611 2914 744 2985 protinus
767 2918 800 2970 ut
822 2914 963 2984 hauseris,
992 2933 1051 2974 non
1073 2917 1158 2973 aliter
1181 2916 1236 2974 tihi

301 3030 417 3072 sensum
440 3010 558 3077 adimet,
583 3025 668 3081 quam
691 3009 716 3065 si
738 3007 869 3065 Lethaeo
891 3008 1016 3067 bibisses
1039 3011 1162 3082 gurgite.

342 3116 485 3174 Echius.
510 3113 647 3170 Forsitan
668 3128 722 3184 pro
745 3111 876 3170 Lethaea
897 3113 1014 3170 letalem
1037 3115 1150 3174 offeres.

257 3239 286 3282 so
345 3218 549 3289 Chirurgus.
575 3213 706 3284 Confide,
729 3215 854 3286 inquam.

342 3321 486 3378 Eckius.
512 3318 600 3390 Atqui
622 3317 762 3388 catapotii
779 3317 1014 3375 commixtionem
1034 3319 1113 3376 illam
1134 3319 1234 3391 digno-

301 3432 383 3473 scere
406 3413 505 3472 refert.

344 3516 549 3588 Chirurgus
573 3513 683 3585 Recipe
706 3513 918 3585 mandragorae
944 3515 1106 3587 manipulos
1123 3516 1234 3585 decem,

300 3611 470 3684 hyoscyami
493 3626 561 3667 vero
590 3607 693 3664 libram
716 3607 858 3676 Atticam,
887 3608 996 3666 additis
1025 3610 1121 3668 obiter
1147 3628 1237 3684 papa·
