2774 4152
266 206 306 264 34
591 219 702 265 161116
723 218 914 265 cancarrus

351 395 494 454 Eckius.
518 396 622 454 Nonne
638 396 728 469 igitur
744 396 957 470 Pythagoricus
973 397 1022 455 ille
1038 398 1241 470 quaternarius

307 488 430 549 melior?

352 593 555 667 Chirurgus.
581 594 770 667 septenarius
793 595 847 652 tibi
871 595 1099 654 convenientior.

350 698 473 756 Amici.
498 697 553 768 En,
578 702 610 754 ut
631 698 752 768 iussisti,
777 697 884 756 adsunt
904 696 1049 756 fustuarii.

278 818 293 860 5
352 799 559 873 Chirurgus.
584 801 670 858 Hune
684 801 783 874 igitur,
806 801 934 872 1116166,
958 801 1029 858 mihi
1049 800 1174 860 fustibus
1191 803 1240 860 de-

308 896 420 969 dolate;
448 913 515 954 nam
539 913 603 954 curn
625 895 752 968 undique
775 897 932 969 angulosus
955 897 994 954 sit
1016 903 1047 954 et
1067 897 1238 971 inaequalis,

307 997 374 1050 ante
398 992 495 1048 omnia
517 991 745 1062 complanandos
769 992 833 1049 6111.

348 1093 490 1151 Eckius.
515 1092 590 1160 Heu,
606 1092 673 1160 heu,
689 1093 776 1165 plane
790 1091 879 1164 perii!
900 1091 1018 1151 Vtinam
1034 1087 1240 1169 61116111μοὶ-

308 1205 405 1264 νυμος
423 1188 472 1245 1116
492 1203 573 1245 meus
595 1186 721 1258 adesset,
738 1192 771 1245 ut
791 1187 894 1246 eodem
905 1188 1010 1260 poculo
1027 1204 1083 1260 quo
1100 1205 1154 1261 ego
1170 1187 1241 1247 bibo

264 1301 292 1344 10
306 1283 430 1341 biberet.

347 1385 470 1443 Amici.
496 1384 667 1442 Seabiosum
682 1385 762 1441 illum
782 1383 855 1441 dicis
877 1383 1032 1442 nobilitate
1052 1382 1122 1443 ficta
1138 1403 1237 1458 super·

303 1481 431 1540 bientem
459 1480 538 1539 haud
562 1496 645 1537 secus
673 1484 762 1538 6611
785 1478 1029 1537 66161166111116
1052 1479 1234 1552 imaginario,

305 1573 361 1635 τὸν
384 1571 515 1651 φθόνον
536 1568 654 1634 adcor?

346 1679 488 1737 Eckius
512 1673 712 1736 Ἅυτότατον.
736 1676 794 1735 Sed
817 1677 1035 1750 nunquidnam
1058 1677 1130 1735 66116
1146 1677 1236 1736 dedo-

262 1776 379 1836 1116116
402 1771 486 1832 sum?

347 1878 550 1948 Chirurgus.
578 1875 677 1948 Aliqui
699 1874 795 1932 adhuc
816 1873 1010 1946 protuberent
1032 1875 1138 1947 anguli,
1162 1893 1235 1948 quos

304 1971 482 2046 complanari
493 1987 580 2043 posse
591 1969 732 2042 suspicor,
746 1969 770 2026 si
787 1969 880 2027 solum
892 1969 987 2027 adhuc
999 1969 1235 2044 vigintiquinque

303 2069 412 2126 viritim
435 2065 584 2139 acceperis
607 2063 738 2122 verbera.

346 2171 489 2230 Eckius
503 2162 540 2226 Ὠ
554 2163 624 2236 ’ναξ
633 2159 795 2225 Ἄπολλον
811 2163 864 2223 καὶ
881 2163 963 2235 θεοί,
979 2171 1040 2224 ποτ
1052 2185 1099 2236 τις
1114 2160 1233 2246 orirer?

260 2287 288 2329 ao
304 2267 336 2325 Si
359 2267 460 2325 decem
483 2279 634 2335 accepero,
657 2262 743 2335 plane
758 2262 842 2334 perii,
866 2262 972 2320 nedum
990 2267 1105 2320 centum
1120 2267 1235 2335 septua-

301 2363 383 2436 ginta
404 2361 537 2433 quinque.
728 2359 730 2364 '

346 2463 552 2534 Chirurgus.
567 2455 698 2536 Ἀνέχου
713 2455 767 2517 καὶ
783 2453 914 2535 ἀπέχου,
932 2459 980 2516 vix
996 2459 1091 2517 adhuc
1103 2448 1177 2518 hora
1192 2461 1234 2518 di·

301 2559 392 2618 midia
413 2556 565 2629 pugnabis.

343 2661 485 2718 Eokius.
503 2658 631 2730 Egregia
642 2656 776 2729 proiecto
788 2673 898 2728 pugna:
914 2673 988 2714 unus
1000 2657 1115 2729 patiens
1129 2663 1232 2716 contra

258 2777 286 2820 25
303 2761 414 2829 septem
429 2758 558 2826 agentes.

344 2851 545 2920 Chirurgus.
571 2845 655 2915 Quid,
681 2845 705 2902 si
728 2849 758 2903 te
781 2861 893 2917 quoque
917 2861 1004 2918 agere
1029 2843 1208 2904 ostendero?

343 2945 484 3005 Eckius.
509 2940 640 2998 Vtinam!
666 2934 712 2998 oo
733 2934 795 3017 γὰρ
817 2935 946 3010 πείσεις,
969 2933 1036 3000 ov'd'
1057 2933 1095 3020 ἢν
1110 2938 1231 3020 πείσῃς.

259 3089 460 3100 .-..----

337 3167 347 3200 ⁶
366 3165 463 3219 Echet.

337 3245 346 3276 ⁸
365 3239 550 3311 Cognominis.

221 3345 224 3354 ’
326 3322 347 3355 ¹³
366 3318 501 3374 Invidiam
519 3316 614 3384 ipsam.

327 3400 347 3432 ¹⁴
365 3395 543 3466 Ipsissimam.

327 3477 348 3509 ¹⁹
365 3475 427 3529 Rex
445 3472 545 3541 Apollo
564 3476 593 3523 et
611 3468 657 3537 dii
676 3484 729 3534 quo
748 3467 809 3534 quis
827 3468 939 3538 1131611

325 3554 347 3586 '²²‘
366 3550 479 3605 Sustine
499 3554 527 3603 et
543 3555 646 3616 patere.

324 3632 346 3665 ²⁷
364 3631 424 3684 Non
445 3627 516 3682 enim
535 3623 720 3692 persuadebis,
740 3637 826 3689 neque
845 3623 869 3677 61
887 3624 1061 3691 persuadeas.
