2774 4152
524 259 635 304 scarus
656 258 847 306 uunounrvs
1134 254 1170 311 19

258 439 377 510 Erinys,
401 437 541 508 Megaera
564 441 594 493 et
609 436 713 494 Alecto
738 453 802 494 cum
823 435 907 494 furiis
931 443 961 495 et
981 441 1115 499 universo
1132 443 1173 499 in·

258 533 363 592 fernali
385 531 559 590 conveniunt
582 535 668 588 coctu
691 547 725 588 ac
748 535 894 588 vectorem
914 539 1045 590 nostrum
1061 537 1174 606 pariter

259 627 417 686 stimulant.
444 624 554 695 Quodsi
574 625 689 681 illorum
704 626 761 682 vim
777 630 889 683 tantam
899 628 1067 698 perdiscere
1080 631 1169 702 cupis,

259 723 321 780 vioe
344 737 428 778 versa
444 720 480 777 ab
496 719 604 776 ultimis
620 719 718 792 legere
740 720 862 792 incipias
879 721 1028 780 elementis
1052 729 1082 782 et
1104 725 1173 796 quid

225 835 238 877 5
261 815 317 874 sibi
339 815 412 873 haec
435 814 533 884 velint,
558 812 712 871 confestim
735 815 895 886 intelleges.

304 917 456 974 Rubeus.
482 914 640 972 Hauddum
661 916 801 987 percipio,
826 917 895 988 quid
919 917 1008 975 dicas.

302 1019 463 1079 Canidia.
498 1018 548 1075 Nil
575 1019 692 1088 mirum,
723 1035 786 1076 oum
815 1021 916 1091 quovis
940 1037 1012 1078 saxo
1036 1021 1171 1080 stolidior

260 1116 395 1174 exsistas

300 1218 452 1275 Rubeus
488 1215 547 1273 Sed
569 1216 657 1289 virgis
687 1216 796 1274 caedor
816 1217 918 1287 miser,
949 1222 978 1275 et
1005 1218 1063 1276 iarn
1087 1236 1171 1278 crura

210 1332 237 1374 ro
260 1313 399 1384 sanguine
423 1311 542 1368 stillant.

302 1414 460 1472 Canidia.
484 1413 676 1470 Elleborosus
699 1429 739 1482 es,
765 1413 902 1470 arborum
923 1420 989 1472 sunt
1005 1417 1169 1489 cacumina;

259 1509 335 1581 quod
362 1509 386 1565 si
415 1508 515 1580 caligis
544 1507 662 1565 obtecta
688 1507 743 1564 tibi
771 1511 869 1564 essent
896 1525 994 1578 crura,
1024 1510 1103 1567 haud
1128 1511 1170 1568 ita

261 1603 382 1661 doleres.

299 1705 451 1762 Rubeus.
477 1703 641 1760 Induissem
663 1702 737 1772 illas,
761 1704 818 1760 nisi
840 1708 873 1760 tu
895 1705 937 1762 ita
961 1705 1165 1764 accelerasses

208 1826 235 1868 15
300 1807 503 1878 Chirurgus.
538 1800 614 1879 Ἐγώ
649 1798 685 1862 δὲ
713 1799 920 1882 κακοδαίμων
954 1807 992 1865 ob
1020 1814 1167 1867 extremae

255 1903 379 1960 latrinae
402 1900 527 1959 fetorem
542 1905 655 1957 tantum
669 1917 728 1957 non
743 1895 949 1977 λειποθυμέω
966 1907 997 1959 et
1012 1903 1168 1961 admodum

256 2013 367 2066 vereor,
392 2012 428 2052 ne
452 1995 575 2052 caudam
589 1994 722 2052 manibus
740 1995 887 2053 dimittere
904 2012 1005 2068 cogar:
1030 1998 1073 2054 ita
1088 2015 1168 2056 exse·

257 2090 365 2148 oranda
389 2095 419 2147 et
440 2093 523 2148 tanto
538 2106 641 2161 pressa
655 2089 786 2161 pondere
803 2090 881 2147 olida
896 2090 970 2148 haec
984 2090 1081 2149 bestia
1096 2093 1167 2150 assi-

257 2186 312 2242 due
335 2184 444 2257 pedere
466 2201 526 2242 non
549 2189 653 2242 cessat.

203 2307 233 2349 ao
298 2286 450 2344 Rubeus
474 2286 608 2356 Falleris,
632 2280 693 2359 ἐγὼ
713 2279 773 2364 γὰρ
796 2280 960 2361 ἐγκέχοδα.

298 2389 501 2461 Chirurgus.
527 2388 602 2458 Quid
626 2389 677 2458 ais,
703 2389 835 2456 sceleste,
859 2394 928 2446 tune
952 2389 1081 2448 cocasti?

295 2492 447 2550 Rubeus.
479 2491 521 2548 Et
553 2492 708 2550 concacavi
736 2509 849 2563 quoque
879 2509 938 2550 non
970 2510 1053 2551 secus
1081 2499 1167 2567 atque

252 2588 448 2646 Hoohstratus
470 2586 667 2658 indulgentias
692 2586 891 2657 permerdans.

296 2689 497 2762 Chirurgus.
522 2689 567 2747 Ob
590 2690 733 2758 timorem,
757 2687 919 2747 scelerate?

201 2809 230 2853 au
295 2791 445 2849 Rubeus.
475 2791 609 2861 Minime,
642 2791 694 2848 sed
722 2791 789 2863 quia
816 2791 880 2848 hori
905 2797 1025 2863 praeter
1051 2795 1168 2852 solitum

252 2887 367 2944 noviter
404 2885 556 2943 decoctam
588 2886 747 2943 cervesiam
781 2886 875 2943 aviter
907 2887 1167 2962 ingurgitaveram3

251 2997 351 3038 verum
374 2980 452 3038 haud
475 2997 510 3038 ea
532 2997 564 3038 re
590 2980 748 3050 movearis,
776 2997 835 3037 non
863 2981 938 3038 enim
965 2981 1062 3040 faeces
1090 2989 1166 3052 sunt,

251 3075 304 3133 sed
325 3075 371 3131 ius
395 3080 447 3132 est.

295 3175 454 3234 Canidia.
480 3175 546 3234 Sive
574 3177 618 3232 ius
642 3176 713 3234 edas
737 3176 797 3233 sive
822 3176 918 3246 bibas,
948 3183 998 3235 tuo
1027 3178 1080 3235 tibi
1102 3179 1166 3238 iuro

199 3291 228 3333 oo
251 3271 365 3343 licebit3
396 3287 433 3328 an
455 3276 553 3328 tamen
576 3271 632 3328 iuri
659 3269 757 3328 faeces
779 3271 942 3342 permixtae
965 3272 1024 3328 sint
1052 3273 1165 3345 ignoro,

188 3416 394 3426 -—--—

255 3491 277 3523 ¹⁵
294 3489 356 3557 Ego
374 3494 467 3543 autem
484 3488 575 3543 miser.

255 3575 276 3608 ¹⁶
294 3574 395 3630 Animo
415 3574 517 3628 deficio.

253 3661 277 3694 ‘²⁰
295 3661 355 3729 Ego
375 3659 446 3713 enim
465 3660 565 3714 cacavi.
