2774 4152
251 217 289 273 32
574 229 685 274 sourvs
707 229 897 276 onnonsrvs

249 415 340 472 [Oiiijb]
363 405 525 463 Auditor.
551 405 622 464 Sero
644 400 646 482 l
667 407 818 478 poenitent
834 406 972 479 Phryges.
998 407 1106 464 Verum
1123 413 1151 464 et
1166 409 1223 466 hoc

292 499 418 558 referas:
447 517 532 572 quam
554 501 591 559 ob
620 517 737 559 causam
764 501 807 558 ita
834 518 933 559 omnes
959 501 1092 559 homines
1120 507 1223 560 contra

292 595 452 653 Martinum
473 592 616 667 instigas?

297 703 299 708 ·
333 689 473 748 Eclrius.
512 689 597 747 Licet
629 694 658 747 et
691 689 776 747 decet
808 691 964 762 praecipue
998 696 1101 748 contra
1133 691 1222 750 talem

263 784 480 854 chaereticum
504 785 552 856 qui
575 801 633 841 non
656 783 749 842 solum
771 785 925 857 theologis,
950 785 1002 842 sed
1025 790 1056 842 et
1070 786 1220 842 monachis

291 880 363 951 ipsis
391 884 451 936 tam
481 878 696 936 intolerandum
728 879 932 936 detrimentum
963 877 1071 937 inferre
1099 885 1222 938 conat-ur

290 992 325 1032 ac
346 973 460 1046 publice
477 989 527 1030 eos
550 973 752 1030 adsentatores
769 977 798 1030 et
814 975 916 1030 summi
938 972 1084 1046 pontificis
1110 975 1221 1046 parasi-

288 1073 334 1126 tos
358 1073 444 1140 atque
477 1067 625 1125 hominum
646 1067 849 1125 mendicabula
878 1069 1004 1140 appellet
1027 1063 1219 1144 {clamitetque

290 1180 349 1220 non
376 1179 440 1220 esse
468 1163 681 1233 eleemosynam
704 1178 777 1234 quae
800 1163 877 1219 inter
898 1180 1004 1234 porcos
1030 1167 1091 1220 tam
1114 1163 1219 1221 obesos

248 1278 275 1320 1o
291 1257 496 1328 distribuatur;
521 1260 550 1313 et
572 1260 604 1312 tu
626 1257 685 1312 iam
707 1261 795 1313 antea
817 1257 956 1314 audivisti
977 1274 1031 1314 nos
1054 1257 1135 1326 lucri,
1161 1275 1220 1314 non

290 1352 422 1410 veritatis
450 1351 545 1424 gratia
571 1367 715 1422 pugnare:
743 1351 832 1422 igitur
848 1356 890 1408 et
916 1351 1094 1408 Emseranus
1128 1353 1220 1424 capri-

290 1464 395 1505 cornus
423 1451 453 1504 et
478 1445 692 1503 haereticorum
720 1445 907 1517 inquisitores
938 1462 992 1503 nea
1022 1463 1081 1502 non
1108 1446 1219 1504 theolo-

289 1543 372 1614 gicae
398 1557 504 1612 vespae
532 1544 652 1597 cunctae
685 1541 716 1596 in
739 1539 818 1596 illum
846 1544 913 1596 sunt
940 1540 1114 1598 incitandae.
1144 1540 1219 1610 Quin

289 1653 375 1708 spero
398 1634 504 1692 fratres
528 1635 658 1691 Minores
681 1651 727 1691 me
750 1652 814 1691 cum
836 1633 885 1692 illo
914 1635 1094 1692 committere
1121 1651 1216 1706 posse,

221 1799 224 1804 g
247 1750 274 1792 15
290 1748 361 1803 quos
384 1747 442 1787 non
467 1729 559 1786 solum
581 1728 715 1785 indoctos
739 1727 875 1800 appellat,
900 1729 952 1786 sed
975 1733 1004 1786 et
1020 1733 1156 1802 tanquam
1178 1729 1219 1786 nil

290 1825 403 1883 discere
425 1823 515 1882 velint
538 1823 646 1894 arguit3
671 1826 701 1879 et
722 1823 781 1880 iam
802 1823 916 1894 pridem
939 1823 1037 1880 scabie
1052 1823 1102 1880 illa
1118 1840 1216 1880 eorum

288 1919 422 1992 pruriunt
445 1917 595 1988 scapulae,
623 1917 720 1972 itaut
743 1933 809 1988 spes
833 1917 871 1973 sit
893 1917 1024 1974 Minores
1048 1935 1111 1976 oum
1132 1917 1218 1976 Prae·

289 2011 468 2072 dicatoribus
492 2011 528 2068 ob
553 2010 646 2067 solum
668 2011 828 2068 Martinum
856 2027 892 2068 ex
913 2011 1069 2069 immortali
1097 1997 1164 2069 odio
1187 2013 1218 2069 in

287 2109 411 2181 gratiam
432 2122 519 2178 posse
541 2104 647 2173 redire,
672 2121 726 2177 quo
750 2106 894 2162 communi
908 2106 1006 2162 Marte
1021 2123 1083 2163 rem
1098 2106 1218 2179 aggredi

243 2221 272 2263 ao
289 2208 317 2260 et
339 2201 496 2259 factionem
518 2201 592 2258 hanc
616 2198 769 2256 scelestam
792 2203 821 2257 et
843 2200 1094 2272 theologiperdam
1122 2201 1216 2272 oppri-

286 2312 366 2354 mere
388 2295 544 2353 valeamus.

329 2389 492 2447 Auditor.
521 2390 562 2446 At
583 2389 688 2458 videte,
713 2389 817 2460 ignem,
843 2394 960 2461 quomet
982 2389 1038 2460 ipsi
1062 2389 1216 2461 aliquando

289 2483 487 2556 conflagretis,
517 2484 692 2541 accendatis
729 2482 863 2541 Salvator
884 2489 985 2541 noster
1008 2481 1141 2540 Christus
1163 2499 1217 2555 per

286 2579 417 2637 homines
432 2577 540 2635 idiotas
556 2578 693 2635 mundum
709 2577 745 2634 ab
763 2577 910 2635 erroribus
922 2579 1078 2647 revocavit,
1096 2594 1148 2635 vos
1163 2595 1217 2650 per

241 2693 270 2735 25
285 2675 425 2742 homines,
450 2678 483 2728 ut
498 2672 643 2741 adseritis,
665 2673 767 2731 doctos
783 2673 920 2730 mundum
936 2673 973 2730 ad
989 2689 1103 2729 errores
1121 2672 1217 2730 detru-

287 2769 364 2837 ditis
388 2767 475 2839 idque
498 2783 556 2823 non
571 2765 667 2823 verbis
692 2771 721 2823 et
743 2765 838 2836 factis,
863 2771 895 2823 ut
918 2767 1063 2839 quondam
1078 2767 1214 2838 apostoli,

286 2861 453 2930 laudandis,
483 2860 536 2918 sed
561 2861 647 2932 plane
676 2860 856 2918 detestandis
885 2865 914 2918 et
941 2861 1156 2934 abominandis;
1186 2865 1216 2918 et

287 2957 364 3030 quod
386 2957 427 3013 illi
449 2955 621 3025 humilitate,
645 2955 866 3013 mausuetudine
890 2960 919 3012 11
941 2957 1096 3013 sanctitate
1117 2953 1216 3012 aedifi·

284 3055 395 3118 canunt,
406 3068 458 3108 vos
467 3049 631 3123 tyrannide,
642 3049 830 3122 improbitate
843 3055 872 3108 et
883 3051 1048 3107 temeritate
1062 3050 1213 3108 destruere

241 3156 269 3199 ao
285 3137 399 3194 audetis
421 3153 480 3194 non
502 3136 669 3207 ignorantes
692 3153 743 3194 vos
771 3136 975 3194 scelestissime
991 3152 1077 3207 agere
1094 3140 1123 3192 et
1137 3151 1215 3192 men·

285 3232 377 3288 daciis
400 3229 476 3288 fictis
501 3235 530 3288 et
550 3231 658 3287 insulse
678 3231 858 3288 concinnatis
873 3231 1027 3288 veritatem
1043 3230 1214 3301 impugnare

282 3327 369 3398 idque
385 3342 419 3383 eo
435 3330 575 3397 tempore,
600 3341 656 3397 quo
673 3326 835 3383 calamitosi
850 3325 906 3382 huc
926 3341 1015 3396 usque
1031 3325 1099 3380 laioi
1115 3324 1214 3381 oculos

284 3422 398 3491 aperire
427 3424 457 3477 et
484 3437 501 3476 a
529 3435 681 3476 caecorum
709 3419 816 3476 ducatu
844 3436 875 3476 se
902 3419 1050 3476 vindicare
1073 3418 1216 3490 incipiunt

282 3515 423 3587 planeque
446 3515 535 3572 vitam
558 3518 693 3622 vestram!
708 3531 772 3571 cum
793 3514 878 3572 dictis
902 3517 931 3572 et
946 3513 1069 3571 veritate
1084 3527 1215 3584 pugnare

240 3626 268 3669 as
284 3613 413 3666 cernunt.
