2774 4152
575 212 668 257 EGKIV
670 213 685 258 S
707 213 897 259 DEDOLATVS.

355 389 497 446 Eckius.
533 387 636 460 Atqui,
673 387 807 459 furcifer,
846 390 960 448 hiscere
998 389 1110 449 audes?
1148 391 1223 462 Quin

310 483 535 557 philosophatur
568 480 695 541 nebule?
740 482 930 554 Cantharam,
969 486 1103 558 inquam,
1149 487 1221 545 cedo

310 585 418 652 tuoque
432 575 533 636 ‘officio
556 576 676 649 fungere
693 583 723 635 et
737 583 837 636 tacens
854 579 983 651 quidem,
1008 585 1059 637 aut
1083 598 1136 653 ego
1153 581 1221 638 tibi!

355 673 455 730 Puer.
480 673 521 729 At
544 688 597 744 ego
621 671 657 729 ab
682 671 779 730 officio
802 690 867 731 meo
891 673 970 731 haud
992 675 1118 732 alienum
1140 681 1223 749 puta·

275 769 386 838 cham,
417 769 442 825 si
468 783 541 840 quae
569 767 679 838 optima
707 765 805 825 forent
831 767 902 824 herc
931 769 1095 826 suasissem.
1125 769 1223 840 Quod—

312 864 337 922 si
353 863 425 920 meis
449 861 682 933 obtemperasses
705 862 832 932 monitis
856 878 911 920 nec
933 862 986 919 sub
1009 863 1132 934 initium,
1157 882 1222 922 cum

311 975 422 1026 manus,
446 957 536 1028 pedes
560 960 590 1013 et
613 960 700 1028 caput
721 957 799 1014 inter
819 956 1035 1014 verbalissimas
1058 975 1149 1030 nugas
1173 959 1222 1017 de-

311 1053 416 1111 mentis
449 1052 543 1108 instar
574 1050 730 1108 iactitabas
765 1067 799 1108 ac
832 1055 896 1108 tcto
934 1068 1056 1122 corpore
1092 1051 1221 1110 fabulam

312 1146 440 1205 saltabas
478 1145 652 1217 insuperque
691 1144 857 1202 Stentcrem
895 1144 1020 1202 clamere
1059 1143 1219 1227 exsupera-1

247 1253 322 1310 [Aijb]
348 1242 411 1311 bas,
436 1239 510 1298 adec
533 1239 712 1309 incaluisses,
736 1256 791 1297 nec
813 1256 889 1297 nunc
904 1240 1020 1312 quidem
1034 1246 1095 1298 tam
1115 1242 1221 1300 acerbe

311 1337 376 1395 sitis
398 1336 472 1394 haec
494 1339 523 1392 te
547 1334 692 1392 cruciaret
714 1333 863 1392 Tantalea.

353 1430 496 1488 Echius.
520 1429 588 1499 Prc,
612 1429 731 1487 miseria
757 1429 934 1487 miserrima!
962 1429 1141 1502 Mancipium
1167 1431 1223 1490 hcc

310 1527 502 1598 largiloquam
525 1524 563 1581 ad
585 1523 728 1580 insaniam
750 1540 796 1581 me
823 1523 911 1581 hodie
938 1524 1060 1596 rediget.
1090 1525 1165 1595 Quin
1192 1531 1224 1583 tu

311 1621 388 1689 siles,
413 1616 597 1686 tervenefiee,
622 1622 652 1674 et
675 1617 846 1674 cantharum
867 1617 1006 1689 praebes!

261 1735 288 1778 rs
353 1715 452 1772 Puer.
476 1711 575 1770 Silebc
597 1712 695 1784 igitur,
720 1712 856 1783 quoniam
878 1717 910 1768 tu
931 1713 975 1769 ita
997 1713 1080 1771 iubes
1109 1719 1139 1772 et
1164 1714 1223 1773 fcr-

310 1817 382 1868 tuna
403 1806 585 1880 iniquissima
606 1806 636 1864 in
658 1822 704 1863 me
727 1804 782 1862 tibi
808 1806 962 1877 imperium
988 1808 1134 1878 permisit,
1164 1825 1223 1866 ncn

310 1907 428 1978 ignarus
450 1902 607 1974 pessimam
630 1917 694 1957 esse
718 1904 826 1958 sortem
849 1900 925 1956 servi
948 1901 1034 1969 illius,
1058 1901 1106 1972 qui
1128 1902 1158 1958 in
1175 1903 1223 1960 de-

309 1999 414 2058 mentis
437 1997 501 2054 heri
524 1995 692 2052 servitutem
715 1994 859 2051 inciderit.
887 1993 960 2051 Bibe
987 1995 1077 2066 igitur
1104 2000 1167 2067 aut,
1198 1997 1223 2054 si

308 2094 409 2162 mavis,
431 2090 559 2149 bibendo
583 2094 612 2146 tc
635 2088 752 2146 suffoca.

260 2209 289 2252 20
353 2186 497 2245 Eckius.
523 2183 599 2254 Quid
623 2188 684 2241 tute
708 2188 804 2240 tecum
826 2182 929 2254 garris,
954 2181 1109 2257 mastigia?

353 2282 454 2338 Puer.
489 2279 539 2336 Nil
572 2278 720 2351 equidem,
751 2277 884 2336 canthari
916 2276 1041 2336 forsitan
1069 2279 1224 2352 strepitum

311 2376 428 2435 audisti.

352 2469 496 2527 Eckius.
522 2467 545 2526 Ο
568 2467 687 2525 fortuna
709 2466 779 2523 viris
801 2466 902 2524 invida
927 2465 1061 2536 fortibus,

400 2562 492 2633 Quam
514 2579 573 2619 non
596 2578 688 2633 aequa
709 2561 795 2618 bonis
818 2562 949 2632 praemia
972 2560 1091 2618 dividis!

258 2677 287 2721 cs
400 2655 501 2715 Gaude
524 2656 621 2728 igitur,
639 2655 776 2724 Martiae,
802 2659 831 2711 et
853 2659 894 2723 tu,
912 2654 1104 2722 Carclstadie,
1128 2654 1224 2726 gaude

399 2752 543 2820 Necnon,
561 2749 703 2820 Philippe,
725 2748 842 2806 scholae
862 2748 1061 2820 pulverulento
1074 2749 1222 2821 magister,

309 2851 467 2918 nostroque
487 2861 564 2902 nunc
586 2843 769 2901 exsatiemini
793 2842 936 2912 cruciatu,
966 2842 1151 2902 oblectemini
1175 2843 1225 2901 dc·

310 2943 385 3014 lcre;
410 2941 451 2998 nil
474 2939 559 3009 enim,
583 2939 614 2994 ni
635 2937 729 3008 fallor,
752 2937 863 3010 gratius
885 2937 969 2996 vobis
990 2939 1107 2998 evenire
1123 2945 1224 3011 posset

311 3054 396 3109 quam
418 3035 544 3093 Euhium
567 3033 656 3091 tentis
680 3033 834 3102 aerumnis
870 3034 960 3090 tantis
982 3034 1142 3091 involutum
1166 3051 1225 3090 cer-

259 3150 288 3192 ac
310 3148 380 3189 nere
397 3129 620 3189 calamitatibus.
646 3127 704 3185 Sed
719 3128 824 3185 iterum
841 3128 1021 3198 cantharum,
1045 3134 1078 3186 ut
1092 3127 1224 3185 Bacchus

311 3225 427 3284 dolores
451 3223 618 3295 exstinguat
640 3228 700 3279 tam
722 3237 833 3294 graves

354 3319 454 3377 Puer.
483 3319 546 3376 Iam
569 3318 647 3374 sitim
670 3317 726 3373 Iris
750 3317 895 3386 sedasset,
925 3316 1060 3374 nimirum
1083 3313 1107 3369 si
1135 3312 1223 3370 hodie

330 3413 400 3470 luet.

310 3430 328 3484 p
352 3506 501 3564 Eckius.
526 3505 593 3574 Pro,
618 3504 667 3560 lux
691 3503 806 3572 acerba,
831 3503 893 3574 quis
916 3504 993 3559 intus
1017 3499 1158 3572 scorpius

260 3619 288 3660 cs
402 3600 472 3670 Quis
496 3615 602 3657 cancer
623 3595 729 3654 infixus
752 3613 831 3653 meas
854 3597 914 3652 urit
936 3595 1086 3661 medullae,
