2774 4152
500 192 585 237 noun
607 191 763 236 nunonem
786 190 908 240 onemo.
1149 179 1188 238 49

260 372 459 444 impudentem¹
487 386 550 428 esse
575 373 604 427 et
626 368 741 442 quando
765 373 810 427 est
832 369 911 438 utile,
935 367 1062 426 frontem
1085 367 1188 441 perfri-

259 483 326 524 care
349 470 435 538 atque
452 465 541 522 etiam
555 464 671 522 mentiri
688 468 718 522 et
732 463 900 521 mantellum
916 453 1074 520 secundum
1089 480 1190 520 auram

256 567 384 629 vertere,
413 564 445 616 ut
468 560 564 617 estin
587 559 756 631 proverbio,
781 575 848 616 nam
869 559 939 615 licet
961 558 1077 630 saepius
1102 575 1191 630 cogar

256 655 373 714 mentiri
389 660 419 712 et
432 654 585 727 impudens
602 669 675 724 esse,
700 653 855 726 aliquando
872 657 970 710 tamen
985 653 1073 710 etiam
1088 669 1188 712 verum

158 754 161 759 ’
228 751 336 821 adico,
364 750 434 806 licet
455 750 563 821 rarius3
592 766 650 807 non
672 753 771 806 tamen
792 748 913 805 multum
936 748 1092 818 erubesc0,
1120 765 1188 805 nam

257 847 369 919 signum
397 849 442 902 est
468 843 554 902 fortis
582 849 612 902 et
635 843 795 902 constantis
823 843 912 900 animi
938 860 997 900 non
1019 843 1184 900 rubescere.

257 940 342 1010 Quod
363 956 433 996 vero
457 939 649 996 calumniator
670 921 772 1007 vocor,
791 937 859 995 inde
881 938 970 1008 venit,
995 937 1072 1010 quod
1094 937 1185 995 homi-

254 1035 338 1092 nibus
362 1034 516 1092 veritatem
543 1033 609 1090 dico
644 1038 674 1090 et
700 1031 838 1102 ostendo,
873 1033 922 1105 qui
949 1033 1007 1089 sint
1033 1033 1183 1101 haeretici,

255 1133 433 1202 quapropter
465 1133 496 1186 et
528 1129 584 1200 ipsi
612 1128 682 1184 mihi
710 1127 865 1200 aliquando
893 1127 1046 1184 veritatem
1074 1126 1182 1196 dicunt,

210 1243 238 1284 ro
254 1241 339 1296 quam
373 1223 462 1280 etiam
495 1223 597 1280 audire
632 1237 734 1294 cogor,
773 1222 842 1279 licet
877 1239 937 1279 non
968 1222 1102 1294 libenter.
1140 1221 1185 1278 De

254 1317 442 1389 improbitate
476 1322 573 1375 autem
605 1317 688 1374 multi
722 1321 801 1386 sunt,
841 1317 889 1389 qui
926 1321 993 1374 sunt
1025 1321 1086 1375 tam
1103 1317 1185 1380 ¹mali

255 1413 331 1469 sicut
358 1428 425 1484 ego,
455 1417 485 1470 et
517 1418 614 1470 tamen
640 1429 700 1469 non
726 1412 768 1468 ita
796 1411 837 1468 eis
862 1411 1026 1483 opponitur.
1061 1411 1102 1468 Et
1128 1413 1185 1468 nisi

252 1506 372 1564 fuissem
395 1512 455 1564 tarn
476 1507 640 1580 improbus,
668 1505 820 1578 impudens
844 1510 874 1563 et
895 1506 1032 1575 mendax,
1061 1507 1117 1563 huc
1139 1524 1185 1564 us·

253 1618 307 1673 que
330 1618 475 1674 nunquam
498 1601 536 1659 ad
563 1606 622 1659 tam
645 1618 779 1674 magnam
804 1599 912 1658 famam
933 1601 1090 1670 venissem,
1120 1617 1184 1658 cum

211 1714 237 1756 re
254 1696 296 1753 sio
323 1713 369 1752 me
393 1695 562 1766 Germania,
586 1696 684 1766 Italia,
710 1695 805 1754 Gallia
828 1700 858 1753 et
880 1696 943 1768 quis
965 1713 1024 1753 non
1047 1701 1184 1768 tanquam

251 1789 395 1848 famosum
435 1791 517 1849 novit
558 1797 588 1848 et
629 1791 724 1849 sciunt
761 1807 874 1861 omnes,
913 1790 990 1864 quod
1027 1807 1081 1863 ego
1120 1808 1183 1848 sum

250 1884 295 1942 vir
316 1885 436 1942 multum
460 1886 556 1944 audax
579 1891 609 1945 et
630 1885 767 1943 robustus
790 1887 821 1942 in
837 1884 1019 1943 defendendo
1035 1884 1124 1942 fidem
1147 1884 1183 1942 ab

250 1979 307 2036 illis
330 1981 476 2052 perversis
499 1981 665 2039 haereticis.
694 1981 735 2038 Et
761 1980 843 2051 ideo,
872 1981 987 2038 domine
1010 1981 1180 2052 imperator,

250 2091 301 2131 vos
324 2091 382 2131 non
406 2075 519 2132 debetis
551 2074 638 2133 facile
666 2075 800 2145 credere,
837 2075 914 2148 quod
941 2093 988 2136 res
1020 2076 1058 2132 sit
1086 2075 1180 2144 aliter,

206 2185 235 2227 ao
251 2184 347 2240 quam·
369 2172 414 2225 est
436 2169 631 2241 praedictum,
659 2174 689 2227 et
711 2174 828 2242 oportet
853 2175 1071 2241 persecutorem
1092 2170 1181 2228 malo·

250 2279 314 2318 rum
351 2263 499 2320 hominum
537 2263 628 2321 multa
658 2263 734 2321 mala
771 2263 881 2321 audire.
928 2264 987 2322 Sed
1020 2265 1180 2322 dominatio

249 2360 347 2414 vestra
368 2356 444 2415 bene
467 2358 582 2428 sentiet,
607 2358 699 2431 qualis
723 2375 776 2430 ego
801 2359 854 2415 sim
876 2359 921 2414 vir
943 2363 973 2416 et
996 2359 1065 2432 qnid
1080 2358 1179 2417 facere

249 2451 382 2521 audeam,
407 2452 431 2508 si
454 2469 505 2510 vos
528 2453 600 2510 mihi
621 2453 768 2511 licentiam
792 2453 909 2523 dabitis,
937 2459 970 2510 ut
991 2453 1089 2512 facere
1111 2470 1179 2526 pos·

204 2557 264 2612 [va]
289 2547 352 2616 sim,
377 2547 454 2620 quod
476 2547 575 2606 velim:
600 2565 672 2620 opus
694 2543 696 2626 l
717 2553 778 2606 tum
800 2549 893 2606 virum
914 2549 1057 2606 ostendet.
1081 2548 1122 2606 Et
1138 2547 1180 2606 sic

202 2660 231 2701 25
248 2658 302 2714 ego
329 2659 388 2700 non
415 2642 481 2700 volo
503 2643 738 2701 ¹dominationem
768 2649 895 2701 vestram
927 2643 1035 2700 diutius
1069 2647 1179 2710 tenere,

247 2737 314 2808 quia
336 2736 411 2794 bene
434 2738 505 2808 scio,
530 2738 607 2811 quod
629 2755 688 2796 non
711 2739 819 2797 auditis
841 2739 967 2797 libenter
981 2739 1072 2795 multa
1087 2737 1178 2795 verba

248 2834 278 2886 et
303 2829 420 2888 habetis
447 2833 538 2891 multa
560 2833 619 2891 alia
645 2850 741 2906 agere.
769 2833 810 2890 Et
839 2851 892 2906 ego
919 2851 989 2891 usus
1019 2850 1081 2890 sum
1110 2832 1177 2889 stilo

245 2939 305 2980 non
326 2924 448 2982 multum
470 2927 539 2998 alto,
561 2927 614 2985 sed
635 2927 782 3000 familiari,
810 2934 842 2985 ut
868 2945 919 2986 vos
943 2927 1044 2985 melius
1067 2926 1178 2985 intelle-

246 3018 335 3090 gatis,
377 3019 444 3092 quia
482 3021 570 3080 etiam
604 3023 675 3080 alias
709 3040 767 3081 non
798 3024 919 3080 multum
953 3040 1023 3080 curo
1060 3021 1176 3094 regulas

202 3129 231 3172 eo
246 3114 489 3185 grammaticales,
518 3116 586 3188 quia
614 3119 803 3188 grammatica
831 3117 919 3175 debet
945 3117 1078 3175 subiecta
1112 3132 1176 3174 esse

244 3206 410 3279 theologiae
427 3213 457 3266 et
471 3226 530 3267 non
545 3210 619 3268 haec
638 3211 680 3268 illi
696 3213 804 3270 servire
821 3217 851 3270 et
865 3213 943 3270 inter
956 3212 1050 3270 bonos
1066 3211 1177 3269 amicos

246 3305 275 3358 et
298 3302 407 3373 socios,
436 3305 679 3376 quemadmodum
705 3323 757 3364 vos
781 3308 851 3364 estis
875 3311 904 3364 et
930 3323 993 3379 ego,
1022 3323 1081 3364 non
1104 3322 1176 3377 opus

244 3383 290 3452 est
312 3397 409 3454 multis
431 3398 531 3469 politis
558 3399 663 3470 verbis,
689 3401 741 3459 sed
768 3400 900 3460 adfectus
930 3406 1028 3459 cetera
1051 3401 1174 3472 supplet.

242 3489 283 3546 Et
306 3491 348 3548 sic
371 3509 425 3564 ego
448 3494 514 3552 volo
537 3511 583 3552 me
610 3495 813 3553 commendare
843 3496 1033 3553 dominationi
1060 3500 1176 3552 vestrae

199 3602 228 3645 ee
243 3589 273 3641 et
295 3602 377 3659 rogo,
403 3588 480 3661 quod
503 3589 598 3647 velitis
622 3589 750 3648 adnuere
777 3589 913 3662 precibus
939 3591 1012 3648 meis
1041 3595 1072 3648 et
1092 3605 1176 3662 prae-

252 3689 293 3722 aaa
304 3691 483 3726 cruereturaenum.
494 3693 510 3726 a
1002 3687 1021 3741 4
