2774 4152
512 229 622 275 remus
644 228 835 274 nunonnrvs
1141 217 1158 272 7

293 406 440 464 Eckius.
465 406 562 463 Instar
583 405 712 478 fuliginis
735 405 940 476 carbonariam
970 403 1098 476 quamvis
1122 403 1159 461 de

250 501 398 559 canonicis
429 505 542 557 tantum
570 501 640 558 dixi.
696 500 753 558 Sed
787 499 856 572 quid
882 503 983 571 posset
1013 498 1158 571 trilinguis

250 597 307 665 ille,
343 594 470 653 Cerbero
502 595 625 666 tricipiti
657 595 787 664 invisior,
823 599 853 652 et
885 587 1160 673 ἀρχιγραμματεύς

251 689 466 749 chamaeleonte
489 687 606 748 varior?

214 814 229 855 o
292 793 419 850 Amici.¹
440 795 533 852 Nemo
556 794 646 866 igitur
671 793 822 865 Augustae
846 791 980 850 doctrina
1002 788 1137 849 excellit?

290 899 432 956 Eckius.
457 899 550 956 Nemo
573 897 684 966 hercle,
712 914 781 954 nam
803 896 922 954 crimine
949 895 985 954 ab
1006 913 1063 954 uno
1080 896 1160 954 disce

250 1010 362 1052 omnes:
399 1011 464 1051 cum
497 993 573 1050 enim
605 992 759 1064 aliquando
797 1008 936 1064 perquam
970 991 1086 1064 egregie
1119 989 1161 1048 ibi

250 1088 459 1146 declamassem
475 1092 562 1160 atque
578 1103 677 1144 omnes
700 1086 809 1159 ingenii
831 1103 936 1144 nervos
960 1085 1158 1155 intendissem,

248 1188 347 1256 gestus
381 1187 536 1254 praeterea
569 1185 836 1253 repraesentassem
868 1181 996 1251 italicos,
1031 1181 1160 1239 insanire

197 1296 225 1338 10
246 1294 292 1335 me
305 1277 443 1334 dicebant
454 1282 541 1350 atque
556 1276 729 1334 histrionem
744 1275 939 1348 appellabant,
956 1276 1085 1350 quamvis
1100 1275 1160 1334 bel-

248 1372 359 1429 lissime
381 1370 510 1429 fabulam
533 1371 732 1428 desaltassem.

258 1483 260 1488 ’
294 1475 392 1532 Puer.
418 1473 483 1533 Ναὶ
505 1469 579 1543 ὄνος
600 1470 681 1552 πρὸς
702 1467 811 1534 αὐλόν.

294 1579 414 1636 Amici.
439 1579 534 1652 Inepti
558 1584 587 1636 et
610 1579 779 1636 deliciarum
802 1578 970 1636 Italicarum
992 1577 1101 1650 ignari!

293 1683 435 1740 Eckius.
460 1682 536 1753 Quin
556 1683 628 1740 mihi
650 1681 743 1740 fustes
767 1681 934 1740 comminati
958 1686 1032 1740 sunt.

199 1804 228 1847 15
293 1787 414 1844 Amici.
439 1781 487 1855 Ἐς
508 1783 662 1864 κόρακας]

291 1889 435 1948 Eckius
460 1890 579 1948 Iustane
602 1891 692 1962 igitur
706 1890 820 1948 timoris
837 1905 934 1959 causa,
958 1905 1032 1962 quae
1047 1889 1078 1946 in
1092 1905 1159 1947 con-

248 1989 375 2042 stantem
398 1986 486 2044 etiam
508 1985 601 2042 virum
625 1985 730 2042 cadere
753 1981 873 2057 posset?

291 2089 413 2146 Amici.
438 2089 611 2146 Iustissima.
640 2089 667 2145 A
696 2087 881 2160 Nurinberga
913 2087 1003 2159 igitur
1029 2086 1159 2146 medicos

249 2183 469 2255 advocabimus;
493 2200 560 2242 nam
583 2189 613 2241 et
634 2183 693 2241 illic
708 2184 817 2242 amicos
833 2181 966 2255 possides
982 2181 1158 2252 innumeros,

199 2295 229 2337 ao
249 2277 425 2336 Bilibaldum
459 2279 570 2337 scilicet
602 2277 683 2335 illum
717 2283 747 2336 et
769 2278 882 2336 animae
904 2282 973 2335 tuae
997 2277 1157 2347 dimidium,

250 2373 398 2446 utriusque
421 2375 493 2430 iuris
520 2374 658 2432 dolorem.

290 2477 432 2535 Eckius.
456 2477 596 2536 Dolorem
619 2474 736 2535 dicitis?

291 2581 413 2640 Amici.
437 2581 598 2638 Doctorem
621 2581 718 2638 dicere
740 2578 917 2638 volebamus.

289 2676 432 2734 Eckius.
457 2673 636 2746 Quemnam?
660 2674 748 2733 Haud
770 2675 847 2733 enim
870 2674 942 2732 setis
965 2673 1112 2747 intellego.

197 2797 226 2840 15
291 2780 413 2838 Amici.
440 2779 606 2838 Gloriosum
632 2780 725 2849 iilum,
753 2779 902 2848 insulsum,
932 2778 1074 2850 supinum,
1109 2777 1159 2836 ad·

247 2880 408 2948 rogantem,
432 2875 513 2932 cuius
536 2880 629 2947 pater,
654 2875 735 2932 cuius
757 2878 860 2943 mater,
885 2869 1003 2930 nostin?

289 2979 434 3036 Eckius.
460 2979 536 3049 Quid
559 2980 588 3036 ni
608 2979 747 3047 noverim,
772 2977 853 3034 cuius
868 2992 962 3049 nuper
976 2974 1158 3034 interfuerim

183 3085 186 3090 ’
247 3075 356 3146 nuptiis
386 3073 484 3146 ibique
511 3091 571 3131 non
592 3073 708 3146 penitus
736 3072 828 3130 invita
855 3070 1021 3130 saltaverim
1043 3069 1158 3127 Venere

247 3185 302 3227 nec
324 3169 386 3227 sine
409 3169 599 3242 glabellarum
615 3173 644 3226 et
660 3167 858 3240 argutularum
873 3165 1045 3224 feminarum
1060 3164 1156 3234 leude,

195 3281 225 3323 ao
247 3279 303 3336 quo
337 3264 425 3321 etiam
459 3265 490 3320 in
523 3262 709 3335 explorandis
737 3260 913 3318 Lutheranis
944 3258 1069 3330 negotiis
1102 3275 1156 3330 pro

247 3358 429 3430 speculatore
451 3375 521 3415 usus
545 3375 616 3427 sum,
645 3373 712 3414 nam
738 3356 779 3412 illi
807 3371 838 3412 se
866 3354 989 3412 amicum
1015 3351 1155 3426 fingebat.

181 3485 387 3494 --.-.-

251 3541 272 3576 1²
290 3541 337 3595 Ita
354 3541 448 3596 asinus
467 3541 503 3595 ad
520 3540 625 3595 tibiam.

250 3627 272 3661 ¹⁵
290 3627 337 3680 Ad
355 3643 459 3682 corvos.
