2774 4152
518 213 630 258 nenive
651 212 842 258 uuuounrvs.
1148 201 1166 259 9

298 387 440 446 Eckius.
465 388 601 459 Quamvis
618 390 707 448 etiam
721 390 844 459 litteras,
873 405 944 461 quas
960 388 1170 447 testimoniales

256 487 370 552 vocant,
394 499 412 540 a
433 485 552 541 natione
575 485 787 556 impetrassem.

300 585 397 643 Puer.
425 585 617 658 Lipsensibus
644 604 784 660 perquam
812 586 933 655 similes,
964 591 1112 658 coemptas
1140 591 1171 644 et

257 681 462 738 emendicatas.
487 681 685 754 Iampridem
709 681 785 738 euim
807 679 881 739 fides
904 681 980 738 illius
1002 681 1098 753 periit,
1124 680 1170 738 cui

220 791 234 834 e
257 775 318 833 sine
340 776 447 834 litteris
469 775 543 834 fides
567 777 736 849 denegatur.

297 878 440 937 Eckius.
466 879 542 949 Quid
564 881 616 950 ais,
641 884 738 937 terrae
761 876 895 952 pondus?

297 981 395 1040 Puer.
420 981 498 1040 Tuas
520 982 728 1054 praedicabam
749 981 860 1041 laudea.

297 1085 419 1144 Amici.
448 1084 507 1144 Sed
534 1086 652 1156 mirum,
680 1085 758 1159 quod
780 1085 1040 1158 Augustinensinm
1067 1084 1170 1144 factio-

252 1196 319 1237 nem
345 1179 387 1236 ibi
410 1180 508 1252 vigere
542 1180 668 1250 adseriS,
704 1181 787 1252 quasi
813 1197 872 1238 uon
899 1181 984 1253 longe
1018 1181 1054 1238 iis
1082 1181 1170 1239 Prae·

203 1291 231 1334 ro
253 1273 402 1332 dicatorcs
425 1274 609 1345 antecellant,
633 1279 736 1347 utpote
759 1275 807 1347 qui
830 1275 889 1332 suis
911 1274 1062 1333 blanditiis
1077 1275 1169 1348 probe

253 1367 507 1442 Nurinbergenses
529 1369 651 1441 palpare
677 1370 813 1427 noverint
840 1385 874 1428 ac
896 1386 955 1427 non
981 1375 1041 1428 tam
1068 1386 1169 1428 eorum

256 1478 341 1534 quam
362 1480 484 1521 uxorum
508 1468 623 1522 secreta
646 1469 750 1521 cuncta
773 1468 900 1522 teneant.

299 1564 440 1623 Eckins.
469 1567 519 1623 Nil
540 1567 657 1636 mirum,
687 1583 704 1624 o
733 1566 833 1637 amici3
858 1567 965 1624 etenim
991 1568 1167 1638 mentiendo,

253 1659 412 1730 peierando
429 1665 459 1717 et
474 1659 676 1720 defraudando
692 1661 801 1719 totiens
816 1661 1102 1734 Nurinbergensibus
1117 1663 1168 1720 im-

205 1769 395 1825 reposuere,
425 1760 537 1813 utnon
565 1755 659 1813 solum
681 1754 770 1813 fidem
792 1755 927 1826 luserint,
955 1756 1008 1814 sed
1031 1757 1119 1815 etiarn
1146 1758 1171 1814 si

253 1847 407 1906 veritatem
431 1849 566 1919 dixerint,
593 1850 711 1908 minime
733 1853 832 1908 tamen
853 1851 910 1908 illis
934 1851 1085 1924 credatur3
1110 1868 1170 1909 ccr-

253 1943 322 2000 nitis
345 1943 443 2016 igitur,
467 1939 517 2002 ὅτι
539 1939 596 2003 οὐκ
619 1937 711 2012 ἀδεὲς
734 1937 827 2002 δέδια
849 1938 929 2013 δέος.

296 2046 419 2104 Amici.
444 2047 589 2120 Equidem
615 2052 646 2106 et
672 2052 702 2106 te
730 2063 843 2120 quoque
870 2047 1043 2120 perpulchre
1071 2054 1168 2106 centu·

201 2149 273 2204 [Bia]
307 2140 415 2198 rictum
456 2141 603 2212 videmus,
654 2159 720 2201 cum
752 2136 945 2222 inimilcorum
985 2142 1072 2213 plena
1110 2143 1169 2200 sint

203 2251 232 2293 ao
254 2249 360 2292 omma.

296 2337 394 2395 Puer.
418 2338 589 2396 Amicorum
611 2343 709 2396 autem
730 2356 824 2398 vacua
845 2340 951 2397 omnia.

295 2440 439 2498 Eckius.
465 2441 541 2511 Quid
563 2441 702 2511 blateras,
726 2440 831 2514 flagitii
853 2440 1018 2500 stabulum?

297 2543 395 2602 Puer.
420 2545 590 2603 Amicorum
611 2545 698 2618 plena
721 2545 854 2604 dicebam
877 2547 982 2604 omnia.

295 2648 417 2706 Amici.
453 2647 530 2718 Quid
557 2649 648 2722 igitur
679 2649 710 2707 in
743 2654 825 2708 tanto
857 2650 1002 2722 agendum
1027 2650 1167 2723 pericula

201 2758 230 2800 25
252 2741 308 2799 nisi
332 2743 370 2800 ad
391 2741 549 2815 Lipsenses
572 2741 698 2802 forsitan
721 2742 920 2817 confugiamus
943 2741 1032 2802 tuos?

294 2844 436 2904 Eckius.
461 2845 519 2904 Per
541 2845 670 2905 Socratis
694 2864 803 2917 canem,
827 2847 980 2906 basilicum
1001 2848 1166 2921 consilium3

253 2940 359 2998 etenim
382 2941 437 2998 soli
459 2941 500 2998 illi
524 2941 633 3011 stolidi,
657 2941 752 3012 solidi,
776 2941 901 3015 inquam,
926 2947 956 3000 et
979 2943 1081 3015 optimi
1101 2949 1169 3000 sunt

251 3049 345 3092 amrcr.

293 3136 418 3196 Amici.
446 3131 513 3196 Ἕνι
533 3133 595 3216 γάρ
618 3155 674 3211 τις,
697 3131 746 3198 ἔνι
767 3131 916 3208 κίνδυνος
938 3133 974 3197 ἐν
996 3134 1041 3219 τῷ
1063 3133 1166 3220 πράγ-

200 3245 230 3289 eo
249 3247 338 3306 ματι,
363 3232 514 3306 siquidem,
537 3233 706 3306 priusquam
728 3233 770 3290 illi
787 3233 984 3305 subvenerint,
1009 3233 1166 3293 admodum

250 3326 417 3397 verendum,
441 3342 478 3384 ne
505 3327 622 3385 interim
645 3327 771 3385 animam
793 3344 873 3401 agas.

259 3524 280 3559 ¹⁷
298 3524 378 3594 Quod
396 3543 450 3581 non
469 3526 529 3581 sine
546 3526 643 3582 timore
662 3527 781 3582 timeam.

231 3605 273 3642 Μ
292 3609 394 3665 Subest
412 3610 484 3665 enim
502 3611 621 3679 aliquod,
641 3610 736 3666 subest
753 3610 906 3679 periculum
924 3612 954 3666 in
971 3628 1009 3667 re.
