<?xml version="1.0" encoding="UTF-8"?>
<!DOCTYPE html PUBLIC "-//W3C//DTD XHTML 1.0 Transitional//EN"
    "http://www.w3.org/TR/xhtml1/DTD/xhtml1-transitional.dtd">
<html xmlns="http://www.w3.org/1999/xhtml" xml:lang="en" lang="en">
 <head>
  <title>
</title>
<meta http-equiv="Content-Type" content="text/html;charset=utf-8" />
  <meta name='ocr-system' content='tesseract 3.04.00' />
  <meta name='ocr-capabilities' content='ocr_page ocr_carea ocr_par ocr_line ocrx_word'/>
</head>
<body>
  <div class='ocr_page' id='page_1' title='image "./eckivsdedolatvs01cottgoog_0054.png"; bbox 0 0 2774 4152; ppageno 0'>
   <div class='ocr_carea' id='block_1_1' title="bbox 498 197 1141 255">
    <p class='ocr_par' dir='ltr' id='par_1_1' title="bbox 498 197 1141 255">
     <span class='ocr_line' id='line_1_1' title="bbox 498 197 1141 255; baseline 0.003 -2"><span class='ocrx_word' id='word_1_1' title='bbox 498 210 608 254; x_wconf 78' lang='lat' dir='ltr'>nouus</span> <span class='ocrx_word' id='word_1_2' title='bbox 630 210 819 255; x_wconf 78' lang='lat' dir='ltr'>panormus</span> <span class='ocrx_word' id='word_1_3' title='bbox 1102 197 1141 255; x_wconf 78' lang='lat'>29</span> 
     </span>
    </p>
   </div>
   <div class='ocr_carea' id='block_1_2' title="bbox 179 385 1142 1138">
    <p class='ocr_par' dir='ltr' id='par_1_2' title="bbox 179 385 1142 1138">
     <span class='ocr_line' id='line_1_2' title="bbox 211 385 1142 460; baseline -0.003 -15"><span class='ocrx_word' id='word_1_4' title='bbox 211 387 359 460; x_wconf 88' lang='lat' dir='ltr'>appellare</span> <span class='ocrx_word' id='word_1_5' title='bbox 375 387 472 444; x_wconf 88' lang='lat' dir='ltr'>audet.</span> <span class='ocrx_word' id='word_1_6' title='bbox 496 386 543 442; x_wconf 91' lang='lat' dir='ltr'>An</span> <span class='ocrx_word' id='word_1_7' title='bbox 558 402 616 442; x_wconf 94' lang='lat' dir='ltr'>non</span> <span class='ocrx_word' id='word_1_8' title='bbox 631 386 761 443; x_wconf 85' lang='lat' dir='ltr'>videmus</span> <span class='ocrx_word' id='word_1_9' title='bbox 777 385 905 457; x_wconf 82' lang='lat' dir='ltr'>incipere</span> <span class='ocrx_word' id='word_1_10' title='bbox 920 385 1011 443; x_wconf 90' lang='lat' dir='ltr'>laicos</span> <span class='ocrx_word' id='word_1_11' title='bbox 1024 385 1142 442; x_wconf 90' lang='lat' dir='ltr'>tandem</span> 
     </span>
     <span class='ocr_line' id='line_1_3' title="bbox 212 479 1141 553; baseline -0.004 -14"><span class='ocrx_word' id='word_1_12' title='bbox 212 499 264 540; x_wconf 87' lang='lat' dir='ltr'>sua</span> <span class='ocrx_word' id='word_1_13' title='bbox 299 485 401 552; x_wconf 91' lang='lat' dir='ltr'>sponte</span> <span class='ocrx_word' id='word_1_14' title='bbox 434 497 536 552; x_wconf 80' lang='lat' dir='ltr'>sapere</span> <span class='ocrx_word' id='word_1_15' title='bbox 566 485 594 537; x_wconf 93' lang='lat' dir='ltr'>et</span> <span class='ocrx_word' id='word_1_16' title='bbox 622 481 734 538; x_wconf 87' lang='lat' dir='ltr'>acutius</span> <span class='ocrx_word' id='word_1_17' title='bbox 773 497 858 553; x_wconf 88' lang='lat' dir='ltr'>quam</span> <span class='ocrx_word' id='word_1_18' title='bbox 888 481 1021 552; x_wconf 75' lang='lat' dir='ltr'><strong>magistri</strong></span> <span class='ocrx_word' id='word_1_19' title='bbox 1048 479 1141 537; x_wconf 85' lang='lat' dir='ltr'>nostri</span> 
     </span>
     <span class='ocr_line' id='line_1_4' title="bbox 209 572 488 646; baseline -0.014 -12"><span class='ocrx_word' id='word_1_20' title='bbox 209 576 325 646; x_wconf 83' lang='lat' dir='ltr'>vellent,</span> <span class='ocrx_word' id='word_1_21' title='bbox 350 572 488 636; x_wconf 81' lang='lat' dir='ltr'>cernere?</span> 
     </span>
     <span class='ocr_line' id='line_1_5' title="bbox 253 676 1141 751; baseline -0.002 -15"><span class='ocrx_word' id='word_1_22' title='bbox 253 679 364 736; x_wconf 80' lang='lat' dir='ltr'><strong>Audit</strong></span> <span class='ocrx_word' id='word_1_23' title='bbox 373 679 531 736; x_wconf 66' lang='lat' dir='ltr'>antean</span> <span class='ocrx_word' id='word_1_24' title='bbox 544 679 636 750; x_wconf 94' lang='lat' dir='ltr'>culpa,</span> <span class='ocrx_word' id='word_1_25' title='bbox 650 679 785 751; x_wconf 89' lang='lat' dir='ltr'>quoniam</span> <span class='ocrx_word' id='word_1_26' title='bbox 797 677 875 735; x_wconf 89' lang='lat' dir='ltr'>haud</span> <span class='ocrx_word' id='word_1_27' title='bbox 887 676 978 749; x_wconf 85' lang='lat' dir='ltr'>probe</span> <span class='ocrx_word' id='word_1_28' title='bbox 991 677 1141 734; x_wconf 74' lang='lat' dir='ltr'>simulatis,</span> 
     </span>
     <span class='ocr_line' id='line_1_6' title="bbox 179 779 1141 850; baseline -0.007 -8"><span class='ocrx_word' id='word_1_29' title='bbox 179 801 194 842; x_wconf 80' lang='lat' dir='ltr'>a</span> <span class='ocrx_word' id='word_1_30' title='bbox 252 781 397 838; x_wconf 86' lang='lat' dir='ltr'>Eckius.</span> <span class='ocrx_word' id='word_1_31' title='bbox 423 779 500 849; x_wconf 77' lang='lat' dir='ltr'>Quid</span> <span class='ocrx_word' id='word_1_32' title='bbox 514 780 588 836; x_wconf 90' lang='lat' dir='ltr'>haec</span> <span class='ocrx_word' id='word_1_33' title='bbox 600 779 638 836; x_wconf 91' lang='lat' dir='ltr'>ad</span> <span class='ocrx_word' id='word_1_34' title='bbox 653 779 814 848; x_wconf 85' lang='lat' dir='ltr'>rhombum,</span> <span class='ocrx_word' id='word_1_35' title='bbox 832 797 895 837; x_wconf 91' lang='lat' dir='ltr'>cum</span> <span class='ocrx_word' id='word_1_36' title='bbox 910 779 1040 850; x_wconf 89' lang='lat' dir='ltr'>ipsorum</span> <span class='ocrx_word' id='word_1_37' title='bbox 1053 780 1141 836; x_wconf 89' lang='lat' dir='ltr'>simus</span> 
     </span>
     <span class='ocr_line' id='line_1_7' title="bbox 209 873 1142 946; baseline -0.004 -12"><span class='ocrx_word' id='word_1_38' title='bbox 209 877 322 934; x_wconf 86' lang='lat' dir='ltr'>iudices</span> <span class='ocrx_word' id='word_1_39' title='bbox 338 892 373 932; x_wconf 93' lang='lat' dir='ltr'>ac</span> <span class='ocrx_word' id='word_1_40' title='bbox 389 875 463 932; x_wconf 86' lang='lat' dir='ltr'>caeli</span> <span class='ocrx_word' id='word_1_41' title='bbox 480 874 635 932; x_wconf 90' lang='lat' dir='ltr'>claudendi</span> <span class='ocrx_word' id='word_1_42' title='bbox 652 879 681 930; x_wconf 92' lang='lat' dir='ltr'>et</span> <span class='ocrx_word' id='word_1_43' title='bbox 696 873 848 932; x_wconf 88' lang='lat' dir='ltr'>reserandi</span> <span class='ocrx_word' id='word_1_44' title='bbox 862 879 1040 946; x_wconf 87' lang='lat' dir='ltr'>potestatem</span> <span class='ocrx_word' id='word_1_45' title='bbox 1055 873 1142 930; x_wconf 92' lang='lat' dir='ltr'>habe-</span> 
     </span>
     <span class='ocr_line' id='line_1_8' title="bbox 211 965 1142 1041; baseline -0.002 -13"><span class='ocrx_word' id='word_1_46' title='bbox 211 988 302 1039; x_wconf 86' lang='lat' dir='ltr'>amus,</span> <span class='ocrx_word' id='word_1_47' title='bbox 319 970 391 1041; x_wconf 88' lang='lat' dir='ltr'>ipsis</span> <span class='ocrx_word' id='word_1_48' title='bbox 407 986 476 1026; x_wconf 91' lang='lat' dir='ltr'>vero</span> <span class='ocrx_word' id='word_1_49' title='bbox 492 967 623 1026; x_wconf 89' lang='lat' dir='ltr'>iudicare</span> <span class='ocrx_word' id='word_1_50' title='bbox 639 968 718 1025; x_wconf 93' lang='lat' dir='ltr'>haud</span> <span class='ocrx_word' id='word_1_51' title='bbox 733 965 838 1025; x_wconf 79' lang='lat' dir='ltr'>liceat?</span> <span class='ocrx_word' id='word_1_52' title='bbox 855 968 953 1027; x_wconf 88' lang='lat' dir='ltr'>Verba</span> <span class='ocrx_word' id='word_1_53' title='bbox 969 969 1065 1041; x_wconf 88' lang='lat' dir='ltr'>igitur,</span> <span class='ocrx_word' id='word_1_54' title='bbox 1082 986 1142 1026; x_wconf 90' lang='lat' dir='ltr'>non</span> 
     </span>
     <span class='ocr_line' id='line_1_9' title="bbox 209 1063 621 1138; baseline -0.01 -15"><span class='ocrx_word' id='word_1_55' title='bbox 209 1082 300 1138; x_wconf 92' lang='lat' dir='ltr'>opera</span> <span class='ocrx_word' id='word_1_56' title='bbox 322 1069 423 1122; x_wconf 90' lang='lat' dir='ltr'>nostra</span> <span class='ocrx_word' id='word_1_57' title='bbox 445 1063 621 1120; x_wconf 84' lang='lat' dir='ltr'>intueantur.</span> 
     </span>
    </p>
   </div>
   <div class='ocr_carea' id='block_1_3' title="bbox 164 1165 1142 1324">
    <p class='ocr_par' dir='ltr' id='par_1_3' title="bbox 164 1165 1142 1324">
     <span class='ocr_line' id='line_1_10' title="bbox 252 1165 1142 1239; baseline -0.001 -15"><span class='ocrx_word' id='word_1_58' title='bbox 252 1167 415 1225; x_wconf 85' lang='lat' dir='ltr'>Auditor.</span> <span class='ocrx_word' id='word_1_59' title='bbox 450 1167 512 1224; x_wconf 83' lang='lat' dir='ltr'>Nec</span> <span class='ocrx_word' id='word_1_60' title='bbox 533 1166 629 1224; x_wconf 85' lang='lat' dir='ltr'>vorbis</span> <span class='ocrx_word' id='word_1_61' title='bbox 656 1166 774 1223; x_wconf 90' lang='lat' dir='ltr'>tandem</span> <span class='ocrx_word' id='word_1_62' title='bbox 799 1183 854 1224; x_wconf 90' lang='lat' dir='ltr'>nec</span> <span class='ocrx_word' id='word_1_63' title='bbox 892 1167 1028 1239; x_wconf 91' lang='lat' dir='ltr'>operibus</span> <span class='ocrx_word' id='word_1_64' title='bbox 1054 1165 1142 1224; x_wconf 90' lang='lat' dir='ltr'>fidem</span> 
     </span>
     <span class='ocr_line' id='line_1_11' title="bbox 164 1261 397 1324; baseline -0.026 0"><span class='ocrx_word' id='word_1_65' title='bbox 164 1283 191 1324; x_wconf 88' lang='lat' dir='ltr'>ro</span> <span class='ocrx_word' id='word_1_66' title='bbox 208 1261 397 1321; x_wconf 90' lang='lat' dir='ltr'>adhibebunt.</span> 
     </span>
    </p>
   </div>
   <div class='ocr_carea' id='block_1_4' title="bbox 249 1362 1230 1442">
    <p class='ocr_par' dir='ltr' id='par_1_4' title="bbox 249 1362 1230 1442">
     <span class='ocr_line' id='line_1_12' title="bbox 249 1362 1230 1442; baseline 0 -20"><span class='ocrx_word' id='word_1_67' title='bbox 249 1365 392 1422; x_wconf 77' lang='lat' dir='ltr'>Eclrina</span> <span class='ocrx_word' id='word_1_68' title='bbox 423 1363 482 1421; x_wconf 85' lang='lat' dir='ltr'>Sed</span> <span class='ocrx_word' id='word_1_69' title='bbox 509 1368 538 1421; x_wconf 94' lang='lat' dir='ltr'>et</span> <span class='ocrx_word' id='word_1_70' title='bbox 560 1365 590 1420; x_wconf 93' lang='lat' dir='ltr'>in</span> <span class='ocrx_word' id='word_1_71' title='bbox 612 1363 668 1421; x_wconf 91' lang='lat' dir='ltr'>hoc</span> <span class='ocrx_word' id='word_1_72' title='bbox 692 1365 799 1435; x_wconf 91' lang='lat' dir='ltr'>capital</span> <span class='ocrx_word' id='word_1_73' title='bbox 821 1362 905 1431; x_wconf 87' lang='lat' dir='ltr'>iacit,</span> <span class='ocrx_word' id='word_1_74' title='bbox 935 1365 1013 1436; x_wconf 86' lang='lat' dir='ltr'>quod</span> <span class='ocrx_word' id='word_1_75' title='bbox 1034 1382 1138 1436; x_wconf 90' lang='lat' dir='ltr'>purga·</span> <span class='ocrx_word' id='word_1_76' title='bbox 1228 1437 1230 1442; x_wconf 14' lang='grc' dir='ltr'><strong><em>Α</em></strong></span> 
     </span>
    </p>
   </div>
   <div class='ocr_carea' id='block_1_5' title="bbox 160 1457 1138 2104">
    <p class='ocr_par' dir='ltr' id='par_1_5' title="bbox 204 1457 1138 1625">
     <span class='ocr_line' id='line_1_13' title="bbox 205 1457 1138 1530; baseline 0.001 -14"><span class='ocrx_word' id='word_1_77' title='bbox 205 1459 313 1516; x_wconf 89' lang='lat' dir='ltr'>torinm</span> <span class='ocrx_word' id='word_1_78' title='bbox 335 1463 423 1530; x_wconf 88' lang='lat' dir='ltr'>negat</span> <span class='ocrx_word' id='word_1_79' title='bbox 445 1475 504 1516; x_wconf 92' lang='lat' dir='ltr'>non</span> <span class='ocrx_word' id='word_1_80' title='bbox 528 1458 619 1515; x_wconf 92' lang='lat' dir='ltr'>solum</span> <span class='ocrx_word' id='word_1_81' title='bbox 641 1458 672 1514; x_wconf 94' lang='lat' dir='ltr'>in</span> <span class='ocrx_word' id='word_1_82' title='bbox 694 1459 797 1515; x_wconf 90' lang='lat' dir='ltr'>summi</span> <span class='ocrx_word' id='word_1_83' title='bbox 818 1457 965 1530; x_wconf 84' lang='lat' dir='ltr'>pontilicis</span> <span class='ocrx_word' id='word_1_84' title='bbox 989 1463 1018 1516; x_wconf 92' lang='lat' dir='ltr'>et</span> <span class='ocrx_word' id='word_1_85' title='bbox 1033 1459 1138 1517; x_wconf 89' lang='lat' dir='ltr'>Roma·</span> 
     </span>
     <span class='ocr_line' id='line_1_14' title="bbox 204 1552 1138 1625; baseline 0.002 -15"><span class='ocrx_word' id='word_1_86' title='bbox 204 1571 309 1611; x_wconf 88' lang='lat' dir='ltr'>norum</span> <span class='ocrx_word' id='word_1_87' title='bbox 334 1570 489 1625; x_wconf 90' lang='lat' dir='ltr'>procerum</span> <span class='ocrx_word' id='word_1_88' title='bbox 512 1552 729 1620; x_wconf 72' lang='lat' dir='ltr'>detrimentum,</span> <span class='ocrx_word' id='word_1_89' title='bbox 759 1553 811 1610; x_wconf 86' lang='lat' dir='ltr'>sed</span> <span class='ocrx_word' id='word_1_90' title='bbox 838 1559 1006 1611; x_wconf 89' lang='lat' dir='ltr'>cunctorum</span> <span class='ocrx_word' id='word_1_91' title='bbox 1028 1555 1138 1612; x_wconf 91' lang='lat' dir='ltr'>theolo-</span> 
     </span>
    </p>

    <p class='ocr_par' dir='ltr' id='par_1_6' title="bbox 160 1645 589 1728">
     <span class='ocr_line' id='line_1_15' title="bbox 160 1645 589 1728; baseline 0 -26"><span class='ocrx_word' id='word_1_92' title='bbox 160 1658 244 1719; x_wconf 78' lang='lat' dir='ltr'>[ofijb]</span> <span class='ocrx_word' id='word_1_93' title='bbox 275 1665 378 1720; x_wconf 87' lang='lat' dir='ltr'>garum</span> <span class='ocrx_word' id='word_1_94' title='bbox 399 1645 401 1728; x_wconf 67' lang='lat' dir='ltr'>l</span> <span class='ocrx_word' id='word_1_95' title='bbox 422 1648 589 1720; x_wconf 91' lang='lat' dir='ltr'>perniciem.</span> 
     </span>
    </p>

    <p class='ocr_par' dir='ltr' id='par_1_7' title="bbox 160 1749 1135 2104">
     <span class='ocr_line' id='line_1_16' title="bbox 160 1749 1135 1822; baseline 0 -12"><span class='ocrx_word' id='word_1_96' title='bbox 160 1770 188 1810; x_wconf 84' lang='lat'>15</span> <span class='ocrx_word' id='word_1_97' title='bbox 247 1750 410 1808; x_wconf 89' lang='lat' dir='ltr'>Auditor.</span> <span class='ocrx_word' id='word_1_98' title='bbox 441 1750 619 1822; x_wconf 85' lang='lat' dir='ltr'>Resipiscet,</span> <span class='ocrx_word' id='word_1_99' title='bbox 647 1766 715 1807; x_wconf 86' lang='lat' dir='ltr'>narn</span> <span class='ocrx_word' id='word_1_100' title='bbox 741 1749 896 1822; x_wconf 82' lang='lat' dir='ltr'>ignorabat</span> <span class='ocrx_word' id='word_1_101' title='bbox 923 1752 1048 1808; x_wconf 92' lang='lat' dir='ltr'>animam</span> <span class='ocrx_word' id='word_1_102' title='bbox 1071 1769 1135 1810; x_wconf 87' lang='lat' dir='ltr'>esse</span> 
     </span>
     <span class='ocr_line' id='line_1_17' title="bbox 203 1845 1134 1917; baseline 0.003 -15"><span class='ocrx_word' id='word_1_103' title='bbox 203 1845 405 1915; x_wconf 90' lang='lat' dir='ltr'>immortalem,</span> <span class='ocrx_word' id='word_1_104' title='bbox 423 1846 591 1917; x_wconf 90' lang='lat' dir='ltr'>priusquam</span> <span class='ocrx_word' id='word_1_105' title='bbox 606 1846 648 1902; x_wconf 91' lang='lat' dir='ltr'>ita</span> <span class='ocrx_word' id='word_1_106' title='bbox 663 1846 693 1902; x_wconf 92' lang='lat' dir='ltr'>in</span> <span class='ocrx_word' id='word_1_107' title='bbox 709 1850 895 1903; x_wconf 88' lang='lat' dir='ltr'>sacrosancto</span> <span class='ocrx_word' id='word_1_108' title='bbox 908 1845 1055 1904; x_wconf 92' lang='lat' dir='ltr'>Laterano</span> <span class='ocrx_word' id='word_1_109' title='bbox 1069 1864 1134 1905; x_wconf 94' lang='lat' dir='ltr'>con-</span> 
     </span>
     <span class='ocr_line' id='line_1_18' title="bbox 204 1939 1134 2012; baseline 0.002 -15"><span class='ocrx_word' id='word_1_110' title='bbox 204 1939 271 1997; x_wconf 88' lang='lat' dir='ltr'>cilio</span> <span class='ocrx_word' id='word_1_111' title='bbox 307 1940 457 1997; x_wconf 89' lang='lat' dir='ltr'>decretum</span> <span class='ocrx_word' id='word_1_112' title='bbox 486 1945 576 2012; x_wconf 78' lang='lat' dir='ltr'>essct3</span> <span class='ocrx_word' id='word_1_113' title='bbox 610 1956 685 1996; x_wconf 93' lang='lat' dir='ltr'>nunc</span> <span class='ocrx_word' id='word_1_114' title='bbox 711 1957 781 1997; x_wconf 86' lang='lat' dir='ltr'>vero</span> <span class='ocrx_word' id='word_1_115' title='bbox 813 1940 892 1997; x_wconf 91' lang='lat' dir='ltr'>haud</span> <span class='ocrx_word' id='word_1_116' title='bbox 919 1941 1041 2012; x_wconf 89' lang='lat' dir='ltr'>amplius</span> <span class='ocrx_word' id='word_1_117' title='bbox 1070 1958 1134 2000; x_wconf 91' lang='lat' dir='ltr'>cum</span> 
     </span>
     <span class='ocr_line' id='line_1_19' title="bbox 202 2034 851 2104; baseline -0.002 -13"><span class='ocrx_word' id='word_1_118' title='bbox 202 2035 373 2104; x_wconf 85' lang='lat' dir='ltr'>Aristotele,</span> <span class='ocrx_word' id='word_1_119' title='bbox 399 2034 540 2092; x_wconf 85' lang='lat' dir='ltr'>Cicerone</span> <span class='ocrx_word' id='word_1_120' title='bbox 563 2038 593 2091; x_wconf 91' lang='lat' dir='ltr'>et</span> <span class='ocrx_word' id='word_1_121' title='bbox 615 2034 708 2091; x_wconf 88' lang='lat' dir='ltr'>Plinio</span> <span class='ocrx_word' id='word_1_122' title='bbox 733 2034 851 2092; x_wconf 89' lang='lat' dir='ltr'>errabit.</span> 
     </span>
    </p>
   </div>
   <div class='ocr_carea' id='block_1_6' title="bbox 155 2135 1131 2399">
    <p class='ocr_par' dir='ltr' id='par_1_8' title="bbox 155 2135 1131 2399">
     <span class='ocr_line' id='line_1_20' title="bbox 245 2135 1131 2210; baseline 0.001 -16"><span class='ocrx_word' id='word_1_123' title='bbox 245 2136 387 2194; x_wconf 86' lang='lat' dir='ltr'>Eokius.</span> <span class='ocrx_word' id='word_1_124' title='bbox 413 2135 444 2194; x_wconf 92' lang='lat' dir='ltr'>Si</span> <span class='ocrx_word' id='word_1_125' title='bbox 468 2137 617 2208; x_wconf 91' lang='lat' dir='ltr'>sapienter</span> <span class='ocrx_word' id='word_1_126' title='bbox 639 2141 765 2208; x_wconf 91' lang='lat' dir='ltr'>saperet,</span> <span class='ocrx_word' id='word_1_127' title='bbox 788 2137 981 2208; x_wconf 89' lang='lat' dir='ltr'>iampridem</span> <span class='ocrx_word' id='word_1_128' title='bbox 1004 2154 1021 2194; x_wconf 91' lang='lat' dir='ltr'>a</span> <span class='ocrx_word' id='word_1_129' title='bbox 1043 2139 1131 2210; x_wconf 92' lang='lat' dir='ltr'>perti-</span> 
     </span>
     <span class='ocr_line' id='line_1_21' title="bbox 155 2230 1131 2304; baseline -0.001 -13"><span class='ocrx_word' id='word_1_130' title='bbox 155 2249 185 2292; x_wconf 80' lang='lat' dir='ltr'>ao</span> <span class='ocrx_word' id='word_1_131' title='bbox 200 2233 286 2289; x_wconf 89' lang='lat' dir='ltr'>nacia</span> <span class='ocrx_word' id='word_1_132' title='bbox 309 2248 361 2288; x_wconf 89' lang='lat' dir='ltr'>sua</span> <span class='ocrx_word' id='word_1_133' title='bbox 384 2231 547 2289; x_wconf 87' lang='lat' dir='ltr'>destitisset</span> <span class='ocrx_word' id='word_1_134' title='bbox 570 2236 599 2288; x_wconf 90' lang='lat' dir='ltr'>et</span> <span class='ocrx_word' id='word_1_135' title='bbox 623 2232 659 2288; x_wconf 95' lang='lat' dir='ltr'>ob</span> <span class='ocrx_word' id='word_1_136' title='bbox 676 2231 858 2288; x_wconf 90' lang='lat' dir='ltr'>commodum</span> <span class='ocrx_word' id='word_1_137' title='bbox 872 2230 1020 2304; x_wconf 93' lang='lat' dir='ltr'>publicum</span> <span class='ocrx_word' id='word_1_138' title='bbox 1034 2232 1131 2292; x_wconf 91' lang='lat' dir='ltr'>nobis-</span> 
     </span>
     <span class='ocr_line' id='line_1_22' title="bbox 201 2325 987 2399; baseline 0.001 -17"><span class='ocrx_word' id='word_1_139' title='bbox 201 2343 265 2382; x_wconf 90' lang='lat' dir='ltr'>cum</span> <span class='ocrx_word' id='word_1_140' title='bbox 288 2327 313 2382; x_wconf 93' lang='lat' dir='ltr'>si</span> <span class='ocrx_word' id='word_1_141' title='bbox 335 2343 394 2383; x_wconf 92' lang='lat' dir='ltr'>non</span> <span class='ocrx_word' id='word_1_142' title='bbox 416 2327 533 2395; x_wconf 90' lang='lat' dir='ltr'>sentire,</span> <span class='ocrx_word' id='word_1_143' title='bbox 559 2325 661 2382; x_wconf 88' lang='lat' dir='ltr'>saltem</span> <span class='ocrx_word' id='word_1_144' title='bbox 685 2326 820 2383; x_wconf 90' lang='lat' dir='ltr'>simulare</span> <span class='ocrx_word' id='word_1_145' title='bbox 842 2332 987 2399; x_wconf 88' lang='lat' dir='ltr'>pergeret.</span> 
     </span>
    </p>
   </div>
   <div class='ocr_carea' id='block_1_7' title="bbox 197 2428 1132 2594">
    <p class='ocr_par' dir='ltr' id='par_1_9' title="bbox 197 2428 1132 2594">
     <span class='ocr_line' id='line_1_23' title="bbox 242 2428 1132 2500; baseline 0.002 -14"><span class='ocrx_word' id='word_1_146' title='bbox 242 2429 404 2486; x_wconf 91' lang='lat' dir='ltr'>Auditor.</span> <span class='ocrx_word' id='word_1_147' title='bbox 440 2428 593 2500; x_wconf 90' lang='lat' dir='ltr'>Improbus</span> <span class='ocrx_word' id='word_1_148' title='bbox 616 2428 678 2497; x_wconf 89' lang='lat' dir='ltr'>ille,</span> <span class='ocrx_word' id='word_1_149' title='bbox 703 2429 751 2500; x_wconf 88' lang='lat' dir='ltr'>qui</span> <span class='ocrx_word' id='word_1_150' title='bbox 774 2429 934 2486; x_wconf 90' lang='lat' dir='ltr'>animarum</span> <span class='ocrx_word' id='word_1_151' title='bbox 957 2431 1080 2490; x_wconf 89' lang='lat' dir='ltr'>salutem</span> <span class='ocrx_word' id='word_1_152' title='bbox 1103 2437 1132 2489; x_wconf 92' lang='lat' dir='ltr'>et</span> 
     </span>
     <span class='ocr_line' id='line_1_24' title="bbox 197 2522 1111 2594; baseline 0.002 -14"><span class='ocrx_word' id='word_1_153' title='bbox 197 2539 257 2580; x_wconf 92' lang='lat' dir='ltr'>non</span> <span class='ocrx_word' id='word_1_154' title='bbox 278 2523 419 2594; x_wconf 91' lang='lat' dir='ltr'>pecuniae</span> <span class='ocrx_word' id='word_1_155' title='bbox 441 2523 553 2580; x_wconf 88' lang='lat' dir='ltr'>lucrum</span> <span class='ocrx_word' id='word_1_156' title='bbox 575 2522 720 2594; x_wconf 91' lang='lat' dir='ltr'>publicum</span> <span class='ocrx_word' id='word_1_157' title='bbox 743 2524 891 2582; x_wconf 85' lang='lat' dir='ltr'>existimat</span> <span class='ocrx_word' id='word_1_158' title='bbox 915 2526 1111 2584; x_wconf 85' lang='lat' dir='ltr'>commodum!</span> 
     </span>
    </p>
   </div>
   <div class='ocr_carea' id='block_1_8' title="bbox 153 2624 1191 2887">
    <p class='ocr_par' dir='ltr' id='par_1_10' title="bbox 153 2624 1191 2887">
     <span class='ocr_line' id='line_1_25' title="bbox 241 2624 1129 2700; baseline 0.007 -18"><span class='ocrx_word' id='word_1_159' title='bbox 241 2625 388 2683; x_wconf 84' lang='lat' dir='ltr'>Eckius</span> <span class='ocrx_word' id='word_1_160' title='bbox 418 2625 477 2683; x_wconf 88' lang='lat' dir='ltr'>Sed</span> <span class='ocrx_word' id='word_1_161' title='bbox 503 2642 557 2683; x_wconf 89' lang='lat' dir='ltr'>neo</span> <span class='ocrx_word' id='word_1_162' title='bbox 580 2625 636 2682; x_wconf 93' lang='lat' dir='ltr'>hoc</span> <span class='ocrx_word' id='word_1_163' title='bbox 658 2624 809 2683; x_wconf 83' lang='lat' dir='ltr'>ferendum</span> <span class='ocrx_word' id='word_1_164' title='bbox 833 2632 889 2696; x_wconf 89' lang='lat' dir='ltr'>est,</span> <span class='ocrx_word' id='word_1_165' title='bbox 919 2629 996 2700; x_wconf 89' lang='lat' dir='ltr'>quod</span> <span class='ocrx_word' id='word_1_166' title='bbox 1018 2629 1129 2688; x_wconf 93' lang='lat' dir='ltr'>theolo-</span> 
     </span>
     <span class='ocr_line' id='line_1_26' title="bbox 153 2718 1191 2792; baseline 0.001 -12"><span class='ocrx_word' id='word_1_167' title='bbox 153 2737 182 2780; x_wconf 80' lang='lat'>25</span> <span class='ocrx_word' id='word_1_168' title='bbox 198 2719 293 2792; x_wconf 89' lang='lat' dir='ltr'>gicam</span> <span class='ocrx_word' id='word_1_169' title='bbox 325 2718 483 2778; x_wconf 80' lang='lat' dir='ltr'>factionem</span> <span class='ocrx_word' id='word_1_170' title='bbox 519 2721 663 2777; x_wconf 86' lang='lat' dir='ltr'>lacessere</span> <span class='ocrx_word' id='word_1_171' title='bbox 696 2721 860 2780; x_wconf 89' lang='lat' dir='ltr'>volentibus</span> <span class='ocrx_word' id='word_1_172' title='bbox 887 2722 1004 2781; x_wconf 81' lang='lat' dir='ltr'>Erasini</span> <span class='ocrx_word' id='word_1_173' title='bbox 1037 2725 1130 2781; x_wconf 90' lang='lat' dir='ltr'>instar</span> <span class='ocrx_word' id='word_1_174' title='bbox 1188 2752 1191 2758; x_wconf 92' lang='lat'>·</span> 
     </span>
     <span class='ocr_line' id='line_1_27' title="bbox 198 2814 611 2887; baseline -0.005 -15"><span class='ocrx_word' id='word_1_175' title='bbox 198 2814 301 2872; x_wconf 92' lang='lat' dir='ltr'>ducem</span> <span class='ocrx_word' id='word_1_176' title='bbox 323 2814 465 2887; x_wconf 92' lang='lat' dir='ltr'>praebere</span> <span class='ocrx_word' id='word_1_177' title='bbox 489 2814 611 2872; x_wconf 85' lang='lat' dir='ltr'>videtur.</span> 
     </span>
    </p>
   </div>
   <div class='ocr_carea' id='block_1_9' title="bbox 195 2925 1125 3092">
    <p class='ocr_par' dir='ltr' id='par_1_11' title="bbox 195 2925 1125 3092">
     <span class='ocr_line' id='line_1_28' title="bbox 240 2925 1125 2998; baseline 0.007 -16"><span class='ocrx_word' id='word_1_178' title='bbox 240 2925 404 2983; x_wconf 89' lang='lat' dir='ltr'>Auditor.</span> <span class='ocrx_word' id='word_1_179' title='bbox 430 2925 488 2984; x_wconf 84' lang='lat' dir='ltr'>Sed</span> <span class='ocrx_word' id='word_1_180' title='bbox 510 2926 640 2998; x_wconf 90' lang='lat' dir='ltr'>nunquid</span> <span class='ocrx_word' id='word_1_181' title='bbox 662 2926 801 2984; x_wconf 88' lang='lat' dir='ltr'>Erasmus</span> <span class='ocrx_word' id='word_1_182' title='bbox 826 2933 855 2986; x_wconf 94' lang='lat' dir='ltr'>et</span> <span class='ocrx_word' id='word_1_183' title='bbox 877 2929 1022 2986; x_wconf 88' lang='lat' dir='ltr'>Martinus</span> <span class='ocrx_word' id='word_1_184' title='bbox 1045 2931 1125 2988; x_wconf 92' lang='lat' dir='ltr'>theo-</span> 
     </span>
     <span class='ocr_line' id='line_1_29' title="bbox 195 3018 441 3092; baseline 0.004 -17"><span class='ocrx_word' id='word_1_185' title='bbox 195 3018 255 3092; x_wconf 83' lang='lat' dir='ltr'>logi</span> <span class='ocrx_word' id='word_1_186' title='bbox 278 3018 441 3077; x_wconf 77' lang='lat' dir='ltr'>exsistunt?</span> 
     </span>
    </p>
   </div>
   <div class='ocr_carea' id='block_1_10' title="bbox 151 3122 1126 3677">
    <p class='ocr_par' dir='ltr' id='par_1_12' title="bbox 237 3122 1124 3202">
     <span class='ocr_line' id='line_1_30' title="bbox 237 3122 1124 3202; baseline 0.009 -24"><span class='ocrx_word' id='word_1_187' title='bbox 237 3122 380 3180; x_wconf 77' lang='lat' dir='ltr'>Eclriua</span> <span class='ocrx_word' id='word_1_188' title='bbox 403 3123 450 3180; x_wconf 93' lang='lat' dir='ltr'>Ita</span> <span class='ocrx_word' id='word_1_189' title='bbox 464 3124 558 3180; x_wconf 90' lang='lat' dir='ltr'>videri</span> <span class='ocrx_word' id='word_1_190' title='bbox 574 3123 681 3193; x_wconf 92' lang='lat' dir='ltr'>volunt,</span> <span class='ocrx_word' id='word_1_191' title='bbox 700 3142 764 3182; x_wconf 89' lang='lat' dir='ltr'>curn</span> <span class='ocrx_word' id='word_1_192' title='bbox 779 3127 927 3185; x_wconf 90' lang='lat' dir='ltr'>nilminus</span> <span class='ocrx_word' id='word_1_193' title='bbox 944 3129 1014 3200; x_wconf 70' lang='lat' dir='ltr'>sint,</span> <span class='ocrx_word' id='word_1_194' title='bbox 1031 3146 1124 3202; x_wconf 89' lang='lat' dir='ltr'>neque</span> 
     </span>
    </p>

    <p class='ocr_par' dir='ltr' id='par_1_13' title="bbox 151 3217 1126 3677">
     <span class='ocr_line' id='line_1_31' title="bbox 151 3217 1125 3292; baseline 0.005 -16"><span class='ocrx_word' id='word_1_195' title='bbox 151 3232 180 3276; x_wconf 85' lang='lat' dir='ltr'>eo</span> <span class='ocrx_word' id='word_1_196' title='bbox 195 3217 280 3285; x_wconf 91' lang='lat' dir='ltr'>enim,</span> <span class='ocrx_word' id='word_1_197' title='bbox 298 3222 331 3274; x_wconf 91' lang='lat' dir='ltr'>ut</span> <span class='ocrx_word' id='word_1_198' title='bbox 345 3217 456 3290; x_wconf 88' lang='lat' dir='ltr'>reliqna</span> <span class='ocrx_word' id='word_1_199' title='bbox 470 3223 661 3289; x_wconf 89' lang='lat' dir='ltr'>praeteream,</span> <span class='ocrx_word' id='word_1_200' title='bbox 680 3221 821 3278; x_wconf 90' lang='lat' dir='ltr'>ecclesiae</span> <span class='ocrx_word' id='word_1_201' title='bbox 833 3222 948 3292; x_wconf 91' lang='lat' dir='ltr'>lumina,</span> <span class='ocrx_word' id='word_1_202' title='bbox 967 3221 1048 3281; x_wconf 84' lang='lat' dir='ltr'>Scoti</span> <span class='ocrx_word' id='word_1_203' title='bbox 1060 3221 1125 3281; x_wconf 92' lang='lat' dir='ltr'>sub·</span> 
     </span>
     <span class='ocr_line' id='line_1_32' title="bbox 193 3311 1126 3389; baseline 0.01 -23"><span class='ocrx_word' id='word_1_204' title='bbox 193 3311 316 3367; x_wconf 90' lang='lat' dir='ltr'>tilitates</span> <span class='ocrx_word' id='word_1_205' title='bbox 338 3327 431 3383; x_wconf 86' lang='lat' dir='ltr'>neque</span> <span class='ocrx_word' id='word_1_206' title='bbox 447 3312 575 3370; x_wconf 91' lang='lat' dir='ltr'>Thomae</span> <span class='ocrx_word' id='word_1_207' title='bbox 599 3313 762 3372; x_wconf 89' lang='lat' dir='ltr'>soliditates</span> <span class='ocrx_word' id='word_1_208' title='bbox 778 3316 948 3389; x_wconf 89' lang='lat' dir='ltr'>intellegunt</span> <span class='ocrx_word' id='word_1_209' title='bbox 964 3322 992 3374; x_wconf 89' lang='lat' dir='ltr'>et</span> <span class='ocrx_word' id='word_1_210' title='bbox 1007 3323 1040 3375; x_wconf 93' lang='lat' dir='ltr'>ut</span> <span class='ocrx_word' id='word_1_211' title='bbox 1054 3319 1126 3376; x_wconf 91' lang='lat' dir='ltr'>inte·</span> 
     </span>
     <span class='ocr_line' id='line_1_33' title="bbox 193 3406 1123 3480; baseline 0.011 -19"><span class='ocrx_word' id='word_1_212' title='bbox 193 3407 248 3462; x_wconf 93' lang='lat' dir='ltr'>rim</span> <span class='ocrx_word' id='word_1_213' title='bbox 271 3422 372 3463; x_wconf 91' lang='lat' dir='ltr'>eorum</span> <span class='ocrx_word' id='word_1_214' title='bbox 394 3406 588 3478; x_wconf 82' lang='lat' dir='ltr'>ignorantiam</span> <span class='ocrx_word' id='word_1_215' title='bbox 609 3408 703 3466; x_wconf 91' lang='lat' dir='ltr'>celare</span> <span class='ocrx_word' id='word_1_216' title='bbox 719 3409 842 3480; x_wconf 89' lang='lat' dir='ltr'>valeant,</span> <span class='ocrx_word' id='word_1_217' title='bbox 867 3411 1057 3472; x_wconf 85' lang='lat' dir='ltr'>scholasticos</span> <span class='ocrx_word' id='word_1_218' title='bbox 1074 3430 1123 3472; x_wconf 89' lang='lat' dir='ltr'>eos</span> 
     </span>
     <span class='ocr_line' id='line_1_34' title="bbox 194 3499 1121 3583; baseline 0.015 -28"><span class='ocrx_word' id='word_1_219' title='bbox 194 3499 330 3557; x_wconf 92' lang='lat' dir='ltr'>doctores</span> <span class='ocrx_word' id='word_1_220' title='bbox 348 3501 508 3574; x_wconf 76' lang='lat' dir='ltr'>appellant,</span> <span class='ocrx_word' id='word_1_221' title='bbox 526 3501 583 3572; x_wconf 90' lang='lat' dir='ltr'>ipsi</span> <span class='ocrx_word' id='word_1_222' title='bbox 597 3519 666 3560; x_wconf 85' lang='lat' dir='ltr'>vero</span> <span class='ocrx_word' id='word_1_223' title='bbox 679 3504 835 3562; x_wconf 88' lang='lat' dir='ltr'>haereticis</span> <span class='ocrx_word' id='word_1_224' title='bbox 853 3511 882 3563; x_wconf 93' lang='lat' dir='ltr'>et</span> <span class='ocrx_word' id='word_1_225' title='bbox 898 3506 1019 3566; x_wconf 87' lang='lat' dir='ltr'>Graecis</span> <span class='ocrx_word' id='word_1_226' title='bbox 1035 3515 1121 3583; x_wconf 87' lang='lat' dir='ltr'>atque</span> 
     </span>
     <span class='ocr_line' id='line_1_35' title="bbox 191 3593 1124 3677; baseline 0.014 -28"><span class='ocrx_word' id='word_1_227' title='bbox 191 3593 311 3666; x_wconf 88' lang='lat' dir='ltr'>insuper</span> <span class='ocrx_word' id='word_1_228' title='bbox 324 3595 420 3666; x_wconf 88' lang='lat' dir='ltr'>poetis</span> <span class='ocrx_word' id='word_1_229' title='bbox 437 3613 556 3668; x_wconf 88' lang='lat' dir='ltr'>operam</span> <span class='ocrx_word' id='word_1_230' title='bbox 570 3596 738 3668; x_wconf 88' lang='lat' dir='ltr'>impendere</span> <span class='ocrx_word' id='word_1_231' title='bbox 753 3616 812 3656; x_wconf 92' lang='lat' dir='ltr'>non</span> <span class='ocrx_word' id='word_1_232' title='bbox 828 3601 1010 3674; x_wconf 87' lang='lat' dir='ltr'>erubescunt,</span> <span class='ocrx_word' id='word_1_233' title='bbox 1032 3607 1124 3677; x_wconf 88' lang='lat' dir='ltr'>qualis</span> 
     </span>
    </p>
   </div>
   <div class='ocr_carea' id='block_1_11' title="bbox 0 0 1392 4152">
    <p class='ocr_par' dir='ltr' id='par_1_14' title="bbox 0 0 1392 4152">
     <span class='ocr_line' id='line_1_36' title="bbox 0 0 1392 4152; baseline 0 0"><span class='ocrx_word' id='word_1_234' title='bbox 0 0 1392 4152; x_wconf 95' lang='lat' dir='ltr'> </span> 
     </span>
    </p>
   </div>
  </div>
 </body>
</html>
