2774 4152
268 233 307 290 30
593 243 703 288 neurus
724 245 915 291 nunonnrvs.

310 425 355 477 est
367 420 516 492 Origenes,
535 419 759 492 Chrysostomus
776 427 805 479 et
817 422 1021 494 Hieronymus.
1045 422 1126 479 Nihil
1136 423 1242 480 mirum

303 515 400 588 igitur,
420 517 444 572 si
458 515 573 573 illorum
586 515 721 574 doctrina
733 517 865 574 omnibus
877 517 1052 575 maledicere
1065 517 1239 575 didicerunt.

345 628 509 686 Auditor.
540 626 598 684 Sed
629 629 660 685 ni
687 626 782 698 fallor,
814 633 843 686 et
869 645 921 686 vos
949 645 1073 701 quoque,
1103 629 1152 702 qui
1174 629 1240 687 illos

304 738 363 778 non
383 722 494 794 legitis
528 722 657 794 perbelle
679 723 806 795 loliginis
835 739 952 780 succum
979 723 1147 796 inspergere
1174 741 1241 781 nos-

275 817 379 875 scitis,

345 927 488 986 Eckius
516 928 607 1000 Atqui
624 928 709 985 decet
728 928 896 1000 theologum
912 928 1009 986 verbis
1029 927 1181 1001 probrosis
1198 928 1239 985 di·

302 1023 426 1096 gladiari
450 1027 479 1079 et
501 1022 748 1094 pertinacioribus
772 1023 981 1080 contumeliose
1004 1022 1187 1081 maledicere.

345 1142 506 1200 Auditor.
524 1141 615 1199 Recte
630 1142 728 1214 igitur,
753 1142 778 1198 si
794 1143 925 1200 convicia
940 1142 1108 1214 theologum
1118 1141 1238 1211 faciunt,

302 1255 367 1295 oum
388 1236 541 1294 lenonibus
565 1242 595 1294 et
618 1237 723 1294 scortis
746 1236 890 1309 theologis
914 1239 1056 1295 convenit.

260 1377 287 1420 10
344 1358 486 1415 Eekius
512 1357 588 1427 Quid
610 1357 723 1427 mirum,
748 1359 773 1414 si
795 1357 1002 1428 maledicimus
1029 1375 1093 1414 curn
1117 1357 1239 1415 cottidie

302 1453 376 1510 male
400 1452 501 1509 audire
526 1449 677 1524 cogimur?

344 1565 507 1622 Auditor.
533 1564 567 1621 ld
590 1564 673 1622 vobis
695 1565 780 1636 ipsis,
811 1565 860 1637 qui
887 1569 999 1622 tantam
1026 1564 1173 1636 nequitiae
1195 1562 1236 1620 l-

300 1665 430 1718 nestram
453 1659 622 1730 aperuistis‚
653 1664 804 1730 acceptum
827 1657 944 1732 1011111ος
967 1660 1046 1717 nosti
1069 1660 1145 1715 enim
1171 1675 1237 1731 pro-

301 1754 431 1812 verbium
453 1752 539 1810 illud:
564 1748 662 1824 qualia
686 1752 775 1821 dices,
800 1753 871 1810 talia
894 1759 924 1810 et
947 1753 1056 1811 audies.

258 1895 285 1936 15
343 1873 490 1932 Eckius
520 1871 609 1944 Atqui
637 1872 820 1929 tolerandum
846 1878 937 1943 esset,
963 1875 1123 1931 sitantum
1149 1873 1235 1932 nobis

299 1968 555 2038 remaledicerent;
579 1984 655 2024 nunc
678 1984 747 2024 vero
770 1984 855 2025 nemo
878 1985 937 2026 non
960 1974 1063 2027 contra
1084 1985 1138 2026 nos
1166 1969 1235 2026 scri-

297 2064 369 2122 bere
397 2063 485 2120 audet
507 2061 594 2134 idque
616 2067 735 2135 praeter
756 2061 963 2120 Lateranousis
994 2063 1108 2120 concilii
1136 2063 1234 2120 decre-

298 2164 372 2228 tum,
402 2175 456 2230 quo
486 2158 594 2215 diserte
623 2160 749 2223 cavetur,
779 2173 815 2214 ne
843 2158 906 2229 quis
934 2157 1003 2230 quid
1030 2158 1060 2214 in
1086 2157 1233 2228 publicum

298 2254 431 2311 emittere
447 2251 562 2320 audeat,
576 2252 632 2308 nisi
647 2251 678 2308 id
693 2252 774 2323 pn'us
790 2252 903 2310 anobis
915 2253 1077 2324 inspectum
1089 2256 1119 2309 et
1130 2268 1234 2324 appro-

253 2367 282 2408 ao
296 2347 397 2405 batum
419 2345 516 2403 fuerit.

338 2458 501 2516 Auditor.
524 2458 673 2528 Delmatia,
699 2459 723 2516 si
745 2458 792 2516 vel
815 2459 1112 2517 excommunicatione
1134 2463 1234 2516 vestra

296 2570 358 2611 rem
381 2570 415 2610 eo
433 2552 576 2610 deducere
593 2554 732 2624 speratis:
757 2553 793 2611 de
815 2553 900 2611 bonis
924 2555 1000 2612 enim
1015 2554 1120 2612 litteris
1137 2559 1234 2611 actum

296 2647 382 2706 foret.

338 2759 479 2817 Eckius.
505 2757 581 2827 Quid
602 2758 687 2815 nobis
705 2758 740 2815 de
756 2759 876 2816 litteris!
899 2760 1064 2819 Dummodo
1080 2761 1141 2820 voti
1158 2777 1233 2818 com-

255 2865 354 2920 [crnjn]
377 2859 461 2926 potes
482 2848 484 2928 Ι
506 2852 671 2909 evadamus

337 2956 505 3015 Auditor.
530 2955 578 3012 Ad
602 2955 751 3012 Kalendas
774 2953 898 3013 forsitan
922 2955 1059 3016 Graecas

337 3066 481 3124 Eckius.
506 3065 596 3137 Atqui
612 3066 689 3134 audi,
715 3066 784 3138 quid
800 3065 1031 3124 Lovaniensibus
1047 3085 1140 3140 nuper
1155 3070 1229 3128 acci·

295 3162 338 3218 dit
360 3161 519 3232 theologis:
545 3160 662 3232 quidam
686 3162 761 3218 enim
784 3168 884 3234 poeta,
910 3164 954 3220 vir
974 3163 1076 3234 Belial,
1100 3164 1229 3222 libellum

295 3254 347 3313 sub
362 3254 567 3313 Nastadiensis
592 3255 766 3327 conscripsit
786 3257 937 3326 vocabulo,
962 3260 1090 3330 quamvis
1106 3275 1165 3316 non
1181 3260 1229 3317 de-

249 3368 278 3410 30
294 3351 359 3418 sint,
384 3351 433 3422 qui
447 3350 528 3406 illum
544 3348 664 3406 alterius
683 3349 813 3407 sobolem
829 3367 893 3408 esse
909 3357 1067 3422 autument,
1091 3354 1228 3426 quoniam

292 3443 490 3502 Lovanienses
514 3444 544 3500 in
567 3459 632 3500 eum
654 3450 868 3522 συκοφαντεῖν
887 3462 946 3503 non
962 3446 1106 3505 desinunt.
1131 3449 1160 3506 Is
1176 3451 1227 3522 igi-

292 3543 348 3608 tur,
372 3543 578 3610 praeterquam
601 3537 680 3609 quod
702 3539 733 3594 in
754 3538 906 3597 universos
929 3540 1082 3612 theologos
1098 3543 1227 3602 ledorias

293 3636 419 3704 spargat,
444 3633 497 3689 sub
517 3625 612 3710 Ἄτης
627 3632 743 3688 nomine
759 3633 908 3704 Atensem‚
927 3633 979 3690 sub
997 3633 1124 3694 Plrcnaci
1141 3655 1226 3710 quen·
