2774 4152
550 179 661 224 ncKivs
682 181 874 226 DEDOLATVS.

289 354 393 424 anima,
417 354 595 426 perlibenter
618 356 741 414 ammam
765 357 835 413 mihi
858 357 994 428 eriperet,
1018 361 1050 413 ut
1072 357 1128 414 hoo
1150 356 1200 414 illa

289 449 439 506 animaret.

332 551 433 610 Puer.
458 553 585 626 Egregie
608 552 741 624 profecto
765 571 829 611 eum
852 554 964 625 superis
988 559 1133 626 ageretur,
1149 553 1199 611 ubi

290 647 386 703 anima
409 648 619 705 sordidissimis
649 648 736 720 digna
762 648 877 705 latrinis
906 665 1061 719 supernam
1084 653 1200 722 regeret

233 758 267 800 t
289 741 461 799 machinam.

332 847 456 902 Amici.
492 845 582 902 Proin
615 863 679 902 cum
713 851 745 903 tu
773 847 887 904 Ricium
920 847 1106 917 abominaris,
1145 864 1199 919 age

289 940 451 1012 Augustam
475 940 513 998 ad
536 940 660 998 amicum
683 946 772 1011 tuum,
801 943 968 1013 opulentum
990 942 1070 999 illum
1093 941 1199 1000 scribe·

289 1051 352 1091 mus
376 1040 582 1107 mercatorem;
611 1036 636 1092 is
660 1036 745 1108 enim,
769 1053 805 1094 ne
829 1037 951 1094 deliciae
975 1053 1045 1094 suae
1067 1041 1198 1109 pereant,

290 1129 335 1186 vel
357 1128 444 1186 turba
465 1129 644 1188 medicorum
666 1135 695 1187 te
719 1131 871 1203 opprimet.

242 1250 269 1291 1o
333 1232 475 1290 Eclrius.
502 1232 586 1290 Bona
608 1234 698 1291 verba
721 1252 838 1307 quaeso.

333 1337 453 1394 Amici.
479 1337 545 1395 Tibi
560 1338 720 1409 subveniet,
743 1339 840 1397 dicere
855 1338 1036 1412 volebamus3
1060 1355 1096 1396 ne
1112 1339 1201 1411 igitur

291 1430 375 1488 nobis
398 1431 514 1504 linguae
537 1433 650 1505 lapsum
676 1435 747 1491 vitio
769 1439 877 1491 vertas,

334 1534 477 1593 Eckius
502 1536 569 1594 Non
595 1542 655 1594 tam
682 1554 815 1594 morosus
844 1554 915 1594 sum.
966 1535 1024 1594 Sed
1050 1551 1202 1607 quemnam

293 1627 411 1687 dicitis?
434 1630 510 1688 Nam
531 1630 668 1701 permulti
683 1631 729 1688 vel
745 1631 881 1688 ditissimi
903 1648 938 1688 oo
960 1631 1017 1688 mei
1033 1629 1201 1687 anricissimi

242 1742 270 1783 15
292 1723 351 1781 illic
374 1729 463 1796 agunt
485 1729 672 1782 mercatores.

335 1827 458 1884 Amici.
494 1826 605 1898 Nempe
641 1827 687 1884 oui
720 1831 752 1883 tu
786 1827 853 1884 olim
886 1826 1013 1897 linguam
1035 1823 1139 1881 locasti
1173 1826 1202 1878 et

292 1938 363 1979 auro
387 1921 509 1978 inlectus
532 1921 624 1978 libere
646 1920 793 1979 foenerari
815 1920 974 1993 permisisti
1001 1918 1087 1990 idque
1112 1917 1201 1975 licere

293 2016 415 2073 sacratis
439 2015 635 2089 comprobasti
661 2016 776 2073 litteris.

336 2119 477 2177 Eckius.
503 2119 562 2180 Sed
584 2125 706 2192 propter
728 2119 884 2177 canonicos
906 2117 1041 2176 indoctos
1057 2117 1202 2188 Augusta·

242 2231 271 2272 no
292 2230 346 2271 nos
370 2216 498 2274 medicos
514 2216 701 2274 vehementer
722 2215 821 2284 timeo,
845 2230 881 2272 ne
903 2214 934 2270 in
948 2213 1063 2271 illorum
1078 2210 1204 2284 gratiam

293 2309 482 2380 pharmacum
503 2310 591 2369 letale
614 2327 667 2382 pro
691 2310 812 2368 salutari
834 2307 1004 2382 praebcant.

231 2409 466 2478 [Aiiiia1Am'ioi.
484 2415 627 2485 Quidnam
642 2415 749 2472 malum
764 2414 820 2472 hoc
837 2413 1001 2471 ‘canonicos
1017 2402 1202 2486 indocltos'?

337 2517 482 2575 Eokius.
507 2520 598 2591 Atqui
624 2536 683 2576 nou
709 2518 802 2575 solum
829 2516 953 2583 indocti,
983 2513 1036 2571 sed
1063 2517 1093 2570 ot
1114 2511 1205 2583 hypo·

295 2613 386 2670 critae
409 2618 484 2670 sunt.

244 2734 273 2776 aa
338 2717 460 2775 Amici.
489 2717 530 2774 At
551 2716 649 2787 plures
672 2714 714 2771 ibi
736 2713 792 2770 viri
814 2711 921 2770 eruditi
945 2715 975 2769 et
996 2708 1082 2782 probi
1105 2713 1203 2781 agunt.

337 2820 480 2878 Eckius
505 2819 651 2877 Forsitan.

338 2916 459 2974 Amici.
496 2913 585 2984 Quid,
621 2918 654 2970 ut
686 2911 812 2984 reliquos
847 2910 1023 2978 omittamus
1058 2909 1088 2965 in
1118 2907 1206 2964 Adel-

295 3011 407 3069 marmis
430 3008 620 3082 reprehendis
643 3002 802 3065 fratribus?

339 3105 483 3163 Eckius
509 3104 547 3160 Vt
570 3108 668 3162 cetera
684 3102 824 3170 omittam,
848 3099 1010 3157 Lutherani
1026 3102 1093 3156 sunt
1108 3094 1203 3154 ambo.

246 3218 275 3261 30
339 3200 461 3258 Amici.
486 3199 527 3256 Et
549 3198 620 3257 illud
642 3198 678 3254 iis
701 3197 772 3254 vitio
795 3193 905 3254 vertis?

339 3296 482 3354 Eckius.
508 3290 656 3365 Quidni?
680 3293 784 3349 Nonne
813 3291 889 3349 enim
917 3289 964 3362 qui
985 3286 1134 3345 haeretico
1158 3284 1208 3342 ad·

298 3391 461 3464 stipulatur,
486 3389 601 3446 haeresi
624 3404 737 3461 quoque
761 3403 792 3444 sc
813 3380 965 3457 inquinet?

340 3486 462 3544 Amici.
488 3483 546 3542 Sed
569 3489 599 3542 et
621 3479 863 3553 oecolampadius
891 3483 921 3536 et
948 3476 1140 3548 Peutingerus
1174 3490 1208 3530 ac

299 3580 502 3654 quamplures
526 3579 576 3637 alii
599 3578 639 3636 ibi
662 3578 792 3636 relucent
814 3573 877 3632 viri.
