2774 4152
489 219 600 266 aenne
621 219 812 267 oaoonnrvs.
1121 209 1160 266 23

248 393 466 465 aLipsensibus
479 401 597 454 vocatus
609 395 769 454 Lutherum
781 401 812 455 61
820 395 1035 454 Carolstadium
1047 397 1163 470 egregie

249 488 314 546 vici.
340 488 476 547 Ceterum
499 509 563 548 curn
591 489 800 548 vociferatione
829 491 948 549 assidua
974 491 1162 564 corporisque

250 581 459 655 defatigatione
485 585 574 642 nimia
589 586 653 657 plus
670 603 762 658 aequo
778 585 963 643 incaluissem
978 587 1164 658 cervesiaque

251 675 395 736 Saronico
410 675 445 735 τὸ
461 676 570 755 καῦμα
585 677 678 738 τοῦτο
695 681 879 752 exstinguere
896 697 1026 750 conarer,
1043 681 1074 737 in
1088 680 1164 737 hanc

215 787 336 843 aquam
364 774 458 830 cernis
489 773 689 832 infirmitatem
711 775 814 843 incidi,
848 775 966 832 tametsi
993 775 1097 832 mirum
1124 774 1163 830 vi·

251 867 312 924 deri
334 868 436 939 possit,
462 868 538 940 quod
560 869 592 925 in
614 869 677 926 aliis
698 868 982 942 peregrinationibus
1004 869 1077 928 meis
1099 869 1163 940 plus

250 978 329 1020 mero
353 979 438 1034 quam
460 980 535 1020 nunc
558 963 688 1021 cervesia
709 980 756 1021 me
782 964 1032 1036 ingurgitaverim‚
1058 979 1164 1034 nequa·

251 1073 335 1128 quarn
358 1061 456 1114 tamen
479 1059 699 1130 aegrotaverim.

294 1157 496 1231 Chirurgus.
521 1159 566 1216 Ne
588 1160 718 1232 mireris3
742 1163 810 1216 tuae
834 1158 909 1216 enirn
931 1164 1054 1216 naturae
1075 1158 1161 1230 longe

202 1271 229 1312 10
252 1254 343 1326 magis
366 1254 463 1311 vinum
487 1271 571 1326 quam
595 1253 758 1311 Cerbereus
780 1253 829 1310 ille
851 1254 947 1326 liquor
970 1253 1113 1312 convenit.

294 1356 435 1414 Eckius.
460 1356 501 1413 Et
528 1357 619 1429 magis
648 1357 697 1414 illo
721 1356 853 1414 oblector
879 1373 914 1414 ac
935 1373 1012 1414 nunc
1039 1371 1162 1428 quoque,

252 1469 315 1508 curn
338 1452 435 1508 vinum
457 1451 592 1508 italicum
614 1456 644 1508 et
666 1452 852 1508 Austriacum
878 1455 991 1508 tantum
1013 1451 1044 1508 in
1058 1467 1164 1508 memo·

250 1547 324 1602 riam
356 1545 447 1615 redit,
483 1546 656 1602 suavitatem
683 1545 828 1618 quandam
854 1546 884 1602 in
911 1550 1028 1617 gutture
1056 1546 1164 1604 sentire

250 1640 321 1697 mihi
342 1639 457 1712 videor3
482 1656 581 1697 omnes
598 1641 674 1697 enim
688 1639 863 1712 perlustravi
885 1639 1032 1709 tabernas,
1059 1645 1092 1698 ut
1107 1658 1165 1700 om·

200 1754 227 1796 15
249 1735 298 1792 nia
322 1735 476 1806 degustare
498 1751 623 1805 possem.

294 1837 497 1909 Chirurgus.
522 1836 675 1910 Sapienter
698 1837 821 1909 quidem.

185 1951 249 2006 [orb]
293 1939 437 1998 Eckius.
460 1936 463 2019 1
483 1939 592 1996 Verum
619 1956 673 1996 nec
701 1941 795 1998 solum
817 1939 964 2010 tabernas,
995 1939 1048 1998 sed
1075 1941 1164 1998 etiarn

251 2027 449 2110 ἀρτοπώλια,
475 2039 651 2113 μαγειρεῖα,
679 2028 845 2112 ἐκτροπάς,
874 2027 1047 2113 καπηλεῖα,
1080 2035 1161 2093 Mae-

252 2129 348 2197 niana,
373 2127 509 2197 fornices,
533 2129 694 2200 lupanaria,
718 2129 889 2200 prostibula.

200 2251 230 2293 ao
296 2231 500 2303 chirurgus.
525 2231 584 2288 Res
606 2236 689 2290 tanto
713 2232 851 2304 theologo
875 2230 1054 2304 dignissima.

293 2334 435 2391 Eckius.
459 2333 500 2392 Et
522 2334 595 2392 haee
617 2335 835 2407 tragoediarum
857 2351 987 2392 mearum
1009 2333 1122 2392 fabula!

296 2435 499 2509 Chirurgus.
527 2437 617 2493 Proin
640 2442 669 2494 et
691 2437 804 2494 urinam
827 2438 971 2509 inspicere
997 2436 1097 2496 refert.

294 2539 439 2596 Eokius
465 2538 541 2608 Quin
563 2543 604 2608 tu,
627 2555 709 2611 puer,
733 2539 812 2596 illam
835 2538 941 2596 adfers.

296 2640 505 2714 Chirurgus
541 2641 609 2710 Pro,
645 2658 730 2714 quarn
762 2641 838 2699 male
869 2641 942 2699 olet!
976 2641 1107 2699 Naturae
1134 2642 1165 2698 id

200 2753 230 2796 25
253 2735 476 2793 exstinctionem
500 2735 647 2808 designat;
677 2737 758 2794 color
783 2753 924 2809 perquam
949 2737 1044 2794 tenuis
1069 2742 1114 2794 est
1136 2741 1165 2794 61

252 2829 435 2900 subalbidus,
471 2829 583 2888 febrem
612 2830 762 2887 ardentem
792 2835 821 2887 et
849 2831 989 2888 invadens
1016 2831 1166 2903 praesagit

254 2923 401 2997 delirium;
437 2925 541 2997 quodsi
572 2923 663 2982 febris
697 2923 827 2996 abesset,
861 2925 1005 2982 insaniam
1038 2925 1165 2982 dicerem

252 3016 385 3088 ferinam,
410 3036 478 3076 nam
501 3024 531 3076 et
553 3019 721 3092 hypostasis
744 3018 911 3077 furfuracea
926 3019 1078 3091 phrenitis,
1097 3019 1165 3076 stul-

252 3113 337 3170 titiae
361 3117 390 3170 et
412 3112 520 3171 furoris
545 3117 590 3170 est
604 3113 752 3171 indicium.
778 3113 836 3171 Sed
860 3118 890 3170 et
904 3129 1020 3170 manum
1035 3113 1163 3185 porrige,

163 3203 165 3207 ’
201 3225 231 3267 ao
253 3212 286 3264 ut
308 3207 422 3279 pulsum
457 3224 569 3280 quoque
597 3208 754 3280 explorem.
789 3208 858 3276 Hui,
893 3223 978 3279 quarn
1006 3206 1102 3279 segnis
1131 3223 1166 3264 ac

252 3302 348 3359 tenuis
371 3307 476 3371 motus,
512 3307 577 3360 atra
600 3302 818 3374 superabundat
839 3301 919 3370 bilis,
950 3301 1018 3373 quin
1048 3305 1078 3359 et
1100 3301 1166 3358 sub-

267 3519 279 3554 ⁴
297 3517 424 3572 Calorem
440 3519 519 3574 hunc.

258 3613 278 3647 ¹⁸
296 3612 353 3667 Vbi
372 3613 530 3668 venduntur
547 3629 639 3682 panes,
659 3612 796 3681 coquinas,
816 3611 996 3668 deverticula.
