2774 4152
556 221 666 268 ncsslvs
688 217 879 264 DEDOLATVS.

337 403 496 463 Canidia.
521 399 643 457 Varicus
659 397 829 454 hircocervo
845 396 913 454 huic
927 397 1058 455 insidere
1075 404 1106 456 et
1120 401 1214 456 mani·

293 503 349 560 bus
372 514 481 556 cornua
503 500 612 553 tenere.

337 602 489 661 Rubeus.
524 599 566 654 At
599 612 655 669 quo
683 598 769 666 pacto
803 590 982 674 χειρουργὸς
1015 601 1118 654 noster
1145 615 1214 670 por-

296 694 425 758 tabitur‘?

260 824 274 866 s
340 799 499 859 Canidia.
515 795 581 853 Nisi
597 798 627 852 ct
641 793 703 864 ipse
716 791 848 850 manibus
862 792 984 849 caudam
998 794 1211 866 apprehendat,

296 913 352 971 quo
374 898 462 967 pacto
486 891 610 950 vehatur
631 891 761 960 quaerat.

340 997 490 1058 Rubeus.
515 995 559 1052 Tu
581 1009 651 1050 vero
675 989 820 1063 quomodo
844 986 933 1060 ages?

343 1099 503 1160 Canidia.
527 1096 648 1154 Hircino
672 1093 805 1150 insidebo
829 1092 919 1164 capiti
934 1108 969 1149 ac
984 1097 1122 1165 tanquam
1139 1094 1213 1167 Argi

299 1198 478 1272 gubernator
491 1191 617 1250 bestiam
633 1186 817 1246 moderabor.
842 1186 886 1243 Tu
901 1187 992 1258 igitur
1007 1187 1156 1258 inscende,
1181 1194 1214 1246 tu

251 1313 278 1356 10
300 1309 369 1351 vero
390 1287 522 1347 manibus
543 1289 594 1343 aut
614 1284 639 1340 si
659 1282 750 1339 mavis
772 1279 907 1338 dentibus
924 1281 1047 1339 caudam
1062 1283 1213 1341 mordicus

301 1387 417 1458 adripe3
441 1388 554 1454 tempus
579 1379 654 1436 enim
669 1376 786 1444 labitur,
811 1379 840 1432 et
855 1375 915 1432 iam
934 1392 980 1432 me
1002 1375 1090 1432 herus
1113 1393 1215 1450 exspe-

302 1485 371 1540 ctat.
397 1478 455 1536 Sed
477 1476 552 1544 hem,
578 1472 655 1546 quod
677 1487 770 1543 paene
787 1469 878 1527 oblita
900 1468 1022 1540 fueram,
1046 1487 1105 1528 non
1129 1489 1215 1530 secus

301 1592 385 1650 quam
407 1574 438 1630 in
459 1569 606 1643 mysteriis
630 1565 776 1623 silentium
799 1564 936 1622 tenebitis
963 1581 1018 1622 neo
1041 1582 1092 1622 vos
1115 1567 1214 1640 aliquo

301 1670 389 1728 modo
413 1664 566 1738 signabitis
590 1665 640 1719 aut
656 1658 808 1716 confestim
823 1659 854 1715 in
870 1657 937 1716 Orci
954 1659 1049 1716 culum
1065 1661 1212 1719 incidetis.

252 1795 280 1837 rs
344 1771 494 1830 Rubeus.
518 1761 566 1834 Ἕς
590 1757 795 1839 Κυνόσαργες.

346 1882 503 1942 Canidia.
529 1878 587 1936 Sed
609 1873 738 1947 nunquid
760 1873 819 1930 iam
840 1874 937 1945 parati
962 1873 1052 1932 estis?

345 1987 496 2045 Rubeus.
521 1979 630 2038 Parati.

347 2088 508 2149 Canidia.
533 2083 638 2141 Videte
654 2080 752 2152 igitur,
770 2094 843 2150 quae
859 2094 905 2135 res
922 2079 997 2136 male
1013 2080 1096 2138 vobis
1108 2085 1214 2151 vertat,

304 2191 336 2244 ut
358 2184 562 2243 mandatorum
585 2191 727 2234 memores
751 2173 823 2242 sitis,
851 2189 905 2230 nec
921 2174 1071 2246 quisquam
1087 2180 1217 2233 vestrum

252 2301 281 2344 ao
303 2281 416 2338 hiscere
440 2276 556 2334 audeat.
584 2267 743 2342 Suregnutl
767 2267 945 2325 Tartshcoh!
969 2267 1182 2342 Nerokrefefp!

349 2389 500 2448 Rubeus.
530 2386 597 2455 Pr0,
625 2381 722 2440 verbis
745 2385 857 2438 tantum
880 2380 910 2437 in
933 2381 1022 2438 altum
1047 2379 1216 2439 evehimur?

349 2501 508 2559 Canidia.
532 2496 659 2569 Egregie
676 2493 814 2550 mandata
826 2508 924 2549 servas
939 2497 969 2550 et
980 2493 1037 2550 nisi
1054 2491 1153 2550 herbis
1170 2493 1216 2551 his

307 2596 459 2655 medicatis
483 2593 600 2650 sinistre
625 2591 660 2647 de
684 2593 713 2646 te
737 2587 887 2659 suspicans
910 2588 1039 2644 vervecis
1063 2604 1149 2644 aures
1167 2588 1216 2645 ob·

307 2691 486 2756 struxissem,
511 2686 628 2743 iamiam
645 2681 772 2740 Cerbero
795 2679 932 2752 pabulunr
947 2681 1118 2754 praeberem
1142 2699 1219 2739 nuno

258 2806 287 2849 aa
309 2803 378 2844 vero
402 2789 500 2841 tacere
522 2781 564 2836 nil
587 2778 700 2847 attinet,
726 2775 778 2833 sed
800 2775 891 2832 libere
913 2791 1005 2847 nugas
1028 2793 1147 2848 nugare.

351 2895 503 2953 Rubeus.
528 2891 595 2960 Pro,
619 2890 698 2946 intus
720 2903 822 2959 paveo,
847 2885 919 2943 foris
943 2890 1040 2944 autern
1062 2886 1198 2945 formido.

353 3006 557 3075 Chirurgus.
582 3001 651 3058 Plus
668 3015 731 3071 ego,
756 2997 803 3069 qui
818 2997 896 3054 inter
911 2997 1022 3055 caelum
1038 3002 1068 3054 et
1083 2997 1219 3070 abyssum

246 3114 340 3172 [Biiija]
363 3099 505 3174 pendulus
532 3095 620 3164 feror,
652 3110 738 3166 quam
765 3092 853 3149 timeo
877 3089 992 3171 milser,
1020 3108 1057 3149 ne
1082 3097 1220 3164 tanquam

310 3197 394 3256 Helle
416 3194 466 3251 illa
488 3193 582 3249 locum
606 3189 730 3260 aliquem
752 3204 818 3244 mea
840 3185 922 3244 clade
944 3185 1104 3244 nobilitem.

260 3331 288 3373 oo
354 3306 514 3367 Canidia.
540 3302 675 3360 Cloacam
697 3299 842 3357 fortassis.

353 3410 502 3469 Rubeus.
527 3407 611 3474 Heia,
633 3408 727 3461 mater
741 3419 814 3472 mea,
832 3419 883 3459 cur
897 3400 1052 3458 barbarica
1066 3400 1116 3458 illa
1131 3400 1222 3458 verba

310 3501 472 3565 intonasti?
495 3503 572 3560 Num
595 3500 640 3557 his
663 3502 764 3556 vcctor
786 3502 887 3554 noster
909 3492 1088 3567 impellitur?

353 3618 511 3677 Canidia.
547 3615 637 3672 Recte
667 3611 796 3683 quidem,
825 3626 892 3666 nam
916 3611 954 3667 ad
976 3608 1091 3665 illorum
1119 3624 1221 3664 sonum
