2774 4152
244 189 283 244 ⁴24
567 202 678 248 ECKIVS
699 201 891 249 DEDOLATVS.

308 377 399 434 sultus
433 377 572 434 tremulus
607 383 637 434 ct
663 375 849 436 formiculaus
876 380 1040 451 proximum
1067 381 1217 438 interitum

308 471 457 528 imminere
485 473 685 545 praenuntiam
716 477 746 530 et
775 474 832 530 nisi
862 477 990 532 actutum
1019 473 1214 546 subveniatur,

309 564 345 623 de
367 570 397 622 te
420 570 516 622 actum
540 570 593 623 est.

350 667 490 724 Eckius.
515 668 601 725 Nulla
624 668 713 740 igitur
736 685 802 741 spes
826 670 928 727 salutis
951 667 1106 742 superest?

272 789 286 830 s
352 770 555 843 Chirurgus
592 770 736 844 Perquam
763 773 873 842 tenuis,
902 789 968 830 nam
996 778 1026 830 et
1051 773 1217 831 medicandi

309 865 384 922 ratio
407 865 529 937 periculi
551 865 652 938 plena;
676 883 735 924 non
758 867 850 924 solum
867 868 943 924 enim
957 864 1145 947 φαρμάκοις,
1163 868 1217 926 sed

309 965 339 1016 et
360 966 539 1028 καυστικοϊς
561 960 701 1018 utendum
724 961 787 1031 erit,
818 962 936 1020 morbus
964 963 1040 1020 enim
1063 963 1148 1022 altius
1171 979 1218 1020 ra-

309 1055 388 1112 dices
417 1055 489 1126 egit,
519 1060 605 1127 atque
634 1057 726 1112 omnis
756 1056 799 1114 vis
826 1056 895 1114 mali
921 1057 952 1114 in
978 1057 1159 1128 praecordiis
1187 1061 1219 1114 et

309 1149 362 1207 sub
386 1154 451 1206 cute
474 1149 555 1207 latet.

259 1270 286 1311 m
351 1251 496 1310 Eckius.
522 1252 598 1322 Quid
620 1253 711 1326 igitur
733 1253 886 1326 agendum,
911 1270 928 1311 o
952 1251 1056 1312 amici?

333 1355 471 1413 ‘Amici
497 1356 572 1426 Quid
601 1357 680 1413 aliud
703 1373 788 1428 quam
814 1355 950 1414 fortunae
978 1357 1072 1414 aleam
1099 1354 1219 1414 subire?

309 1447 457 1522 Siquidem
478 1450 564 1523 longe
588 1451 678 1508 satius
703 1456 748 1508 est
770 1449 822 1507 sub
847 1467 898 1522 spe
920 1452 1061 1522 pristinae
1082 1451 1220 1524 sanitatis

307 1544 525 1615 recuperandae
548 1546 645 1616 perire
673 1562 758 1617 quam
781 1545 899 1602 assiduo
923 1545 1024 1602 dolore
1046 1543 1219 1614 conflictari,

307 1638 504 1695 imminentem
526 1643 624 1695 tamen
645 1640 795 1696 interitum
818 1639 897 1696 haud
920 1638 1046 1711 effugere
1067 1656 1164 1711 posse.

258 1759 285 1799 15
350 1740 494 1797 Eokius.
512 1739 551 1796 Vt
566 1740 660 1811 video,
677 1741 798 1799 basilice
813 1742 920 1814 interii,
937 1759 1005 1799 nam
1019 1743 1097 1799 inter
1107 1759 1223 1800 sacrum

307 1851 464 1906 saxumque
489 1839 542 1891 sto.

352 1935 556 2010 Chirurgus.
582 1937 640 1996 Sed
655 1939 726 1996 heus
742 1943 783 2008 tu,
808 1940 886 2012 quod
900 1955 993 2011 paene
1009 1938 1116 1997 oblitus
1133 1955 1222 2008 eram,

306 2049 451 2105 nunquam
483 2031 538 2089 tibi
570 2038 692 2105 propter
717 2034 838 2104 periculi
865 2033 1094 2105 magnitudinem
1120 2050 1223 2090 manus

307 2127 483 2198 admovebo,
507 2128 563 2184 nisi
586 2144 639 2199 pro
663 2131 777 2185 mortuo
801 2128 873 2185 mihi
896 2127 1021 2185 traditus
1048 2126 1154 2198 fueris,
1178 2133 1220 2198 ut,

258 2239 287 2281 ao
310 2223 335 2278 si
363 2222 441 2278 inter
468 2222 624 2280 secandum
651 2237 769 2294 pereas,
806 2221 842 2279 ab
871 2222 949 2280 omni
975 2223 1060 2294 culpa
1086 2223 1222 2280 immunis

311 2331 432 2374 censear
455 2323 484 2373 et
506 2317 588 2374 liber.

350 2419 493 2478 Eekius.
518 2422 558 2478 Et
574 2423 646 2480 haec
662 2422 812 2480 calamitas
828 2421 893 2478 alia.
923 2420 998 2490 Heu,
1015 2421 1080 2490 heu,
1099 2424 1223 2492 quantus

309 2513 416 2572 artifex
440 2515 544 2586 pereo!

351 2617 474 2674 Amici.
499 2619 635 2676 Animum
659 2619 852 2677 commascuia
874 2623 967 2689 tuum,
995 2623 1108 2675 utnon
1130 2617 1224 2674 solum

260 2712 434 2781 aemoniae,
465 2711 517 2770 sed
544 2713 631 2768 ctiam
659 2728 691 2769 re
718 2713 782 2783 ipsa
811 2712 940 2770 Keekius
963 2713 1104 2785 videaris3
1132 2711 1225 2770 multa

309 2806 385 2865 enim
408 2821 481 2878 quae
504 2822 562 2864 non
585 2807 747 2878 speraveris
772 2805 943 2878 quandoque
967 2807 1110 2865 eveniunt.

352 2908 499 2966 Eckius.
523 2907 604 2980 Ergo
627 2907 788 2980 periculum
811 2906 992 2966 subeundum
1015 2905 1161 2966 censetis?

352 3002 474 3069 Amici.
500 3010 628 3082 Quidni
652 3008 841 3069 censeamus?
865 3011 973 3069 Peristi
997 3013 1080 3082 enim,
1104 3012 1226 3082 nisipe-

310 3106 455 3165 ricliteris

261 3227 290 3270 so
354 3209 496 3267 Eckius.
521 3207 622 3280 Neque
645 3208 703 3264 iam
720 3208 797 3265 salus
812 3208 885 3280 ipsa,
910 3207 935 3264 si
950 3207 1019 3280 vult,
1044 3224 1090 3265 me
1106 3221 1225 3265 servare

310 3307 416 3376 potest.

353 3405 473 3463 Amici.
492 3403 627 3462 Confide!
644 3403 728 3460 Prius
744 3407 842 3460 tamen
857 3400 1048 3459 confessionis
1061 3402 1226 3459 auditorem
1277 3445 1281 3452 .

312 3499 528 3570 advocabimus,
553 3499 653 3570 quite
677 3514 694 3554 a
718 3495 885 3554 criminibus
909 3495 1027 3566 expiare
1049 3496 1154 3553 valeat.

352 3593 495 3652 Eckius.
520 3594 547 3650 A
571 3587 758 3649 criminibus?
783 3585 981 3659 Quibusnam?
