2774 4152
506 223 617 269 aoarvs
638 221 831 268 annonariis.
1122 215 1157 272 ll

245 399 344 456 larvae
367 403 453 471 atque
476 399 667 472 intemperiae
690 399 817 472 agitant3
844 399 971 458 vetulam
992 400 1090 472 itaque
1113 417 1161 460 vo·

250 492 332 551 cabo.
357 526 399 534 —
421 493 502 552 Heus
525 499 565 564 tu,
591 493 723 564 Canidia,
748 495 835 553 herus
859 500 889 551 te
911 499 1005 552 vocat.

291 603 448 662 Canidia.
473 606 558 675 Novi,
577 623 628 664 our
643 611 740 664 vocet:
764 623 867 678 nempe
882 610 915 663 ut
929 606 1065 664 bellulam
1083 607 1161 666 illam

246 699 400 771 puellulam
416 700 592 758 carminibus
608 701 636 758 ei
652 700 811 758 conciliem.
836 701 904 758 Fiat
919 701 1015 772 igitur,
1034 707 1064 758 et
1078 706 1160 760 tanto

212 812 226 853 a
247 793 383 867 theologo
407 811 470 852 mos
493 800 621 867 geratur.
646 795 690 852 Tu
712 795 804 868 praei,
829 811 883 867 ego
906 811 975 853 vero
998 812 1111 868 sequar.

289 905 389 964 Puer.
414 906 490 964 Fiat.
515 941 557 946 —-
579 907 642 964 Iam
665 907 743 968 domi
767 924 873 977 sumus,
900 907 1062 979 ingredere.

289 1016 450 1076 Canidia.
480 1017 578 1088 Salve,
603 1019 745 1091 magister
765 1025 867 1077 nostor
888 1019 1079 1092 venerabilis;
1107 1037 1160 1094 ego

244 1129 296 1170 cur
317 1130 363 1171 me
386 1114 545 1184 vocaveris,
569 1114 654 1186 plane
676 1114 753 1172 novi.

287 1224 431 1283 Eckius.
455 1224 521 1295 Vix,
545 1231 578 1282 ut
600 1225 737 1283 arbitror.

201 1337 264 1391 [Bib]
310 1326 466 1386 Canidia.
501 1328 648 1386 Puellulae
676 1329 752 1386 illius
781 1323 904 1410 graltia.
939 1327 1077 1402 Nunquid
1099 1347 1161 1388 rem

248 1439 302 1479 acu
328 1420 431 1495 tetigi?

290 1523 432 1582 Eckius.
456 1525 532 1584 Tota
555 1542 636 1584 erras
660 1527 715 1597 via,
740 1526 793 1585 sed
814 1527 900 1598 longe
923 1526 1039 1584 diversa
1061 1524 1162 1583 subest

251 1635 345 1676 causa.

293 1721 449 1780 Canidia.
473 1723 514 1780 Et
536 1723 605 1796 quid
628 1723 707 1782 aliud
730 1723 785 1781 tibi
808 1740 897 1796 opera
920 1739 984 1780 mea
1009 1727 1161 1795 praestare

199 1833 226 1876 15
248 1814 369 1888 posset?

290 1918 433 1976 Eckius.
456 1917 568 1994 Lipsim
592 1935 641 1976 aas
665 1936 699 1976 ac
721 1919 826 1977 redeas
849 1935 969 1977 necesse
993 1923 1046 1976 est.

291 2019 450 2078 Canidia.
475 2019 636 2094 Eclipsim?
659 2021 800 2079 Veritatis
823 2018 967 2079 forsitan?

289 2123 431 2181 Eckius.
455 2123 576 2196 Lipsim‚
601 2125 725 2197 inquam,
750 2124 837 2196 idque
860 2124 934 2181 hora
957 2123 1068 2181 eadem.

291 2225 448 2284 Canidia.
474 2227 618 2300 Perquam
639 2225 726 2285 facile
748 2225 808 2285 fiet.

289 2330 432 2388 Eckius.
456 2331 497 2388 Et
518 2331 633 2389 litteras
656 2331 723 2388 illac
746 2329 870 2389 deferas.

291 2431 448 2491 Canidia.
472 2433 547 2491 Fiet.

291 2535 433 2594 Eckius.
458 2536 698 2610 Responsumque
721 2534 897 2608 reportabis.

292 2637 451 2698 Canidia.
476 2639 552 2697 Fiet.

290 2741 431 2800 Eckius.
453 2743 494 2800 Et
516 2743 541 2800 si
563 2743 606 2800 ita
629 2759 701 2815 opus
725 2742 794 2812 erit,
823 2741 967 2799 medicum
993 2745 1090 2799 tecum
1112 2739 1161 2798 ad-

196 2854 226 2897 as
249 2836 346 2894 duces.

292 2938 452 2998 Canidia.
476 2939 517 2997 Et
539 2939 595 2998 hoc
617 2937 678 3008 fiet,
703 2939 800 2996 omnia
814 2938 943 3011 perbelle
960 2937 1160 3009 expedientur.

251 3033 331 3092 Cedo
354 3035 445 3107 igitur
466 3033 595 3092 litteras!

289 3146 432 3204 Eckius.
457 3145 519 3203 Iam
542 3146 609 3203 illae
632 3144 809 3216 scribentum
841 3149 873 3201 tu
900 3143 1017 3201 interim
1045 3142 1162 3200 domum

248 3241 392 3299 concedas
415 3258 450 3298 ac
473 3257 545 3313 quae
569 3240 633 3297 viae
656 3245 723 3297 sunt
742 3239 909 3297 necessaria
931 3236 1079 3308 expedias.
1105 3235 1163 3295 Sed

196 3353 226 3397 ao
246 3336 319 3394 heus
342 3341 382 3405 tu,
407 3353 475 3392 num
498 3352 586 3407 super
607 3333 721 3392 furcula
743 3338 795 3391 aut
815 3331 894 3390 faeni
916 3331 1063 3403 manipulo
1086 3332 1164 3403 equi-

247 3427 345 3489 tabis?

291 3524 449 3583 Canidia.
474 3523 604 3593 Minime,
627 3539 695 3582 nam
714 3523 761 3579 via
783 3521 870 3593 longa
893 3524 950 3591 est;
974 3525 1005 3578 et
1027 3520 1052 3577 si
1074 3519 1163 3577 alium

247 3619 411 3694 quempiam
443 3635 556 3676 mecum
587 3617 727 3676 reducere
758 3630 878 3673 necesse
912 3617 970 3684 cst,
1004 3615 1090 3686 longe
1117 3629 1163 3671 ro-
