2774 4152
255 220 295 278 46
538 231 623 277 ncmr
644 232 801 278 nunonem
823 233 946 280 omno.

296 413 415 480 portare
428 407 525 466 sciret.
542 407 584 465 Et
594 407 685 480 igitur
696 425 750 480 ego
766 425 839 480 rogo
852 409 1081 468 dominationem
1092 416 1229 482 vestram,

296 503 373 576 quod
395 502 465 561 velit
487 518 534 560 me
551 502 700 572 adiuvare,
725 503 803 576 quod
822 503 925 562 melius
942 509 1024 576 stem,
1050 506 1118 578 quia
1132 507 1230 564 multis

294 597 389 656 habeo
413 613 543 655 neeesse.
567 597 609 654 Et
624 597 693 670 quid
712 603 841 668 noceret,
866 599 891 655 si
906 600 1103 672 unusquisque
1119 601 1231 672 episeo-

293 709 356 766 pus,
381 692 429 765 qui
451 692 510 749 iam
532 691 581 749 hic
604 696 658 761 est,
683 691 768 750 daret
790 692 860 750 mibi
877 694 1026 752 annuatim
1040 695 1098 752 nisi
1115 700 1230 753 centum

265 806 279 848 a
294 783 420 846 aureos?
444 785 532 856 Quod
554 790 634 844 esset
648 803 696 844 res
710 803 802 859 parva
825 792 855 845 et
869 804 928 845 non
942 793 1064 847 noceret
1078 789 1159 861 ipsis,
1176 790 1230 848 sed

292 882 414 939 multum
441 897 487 939 me
515 880 677 938 adiuvaret.
714 879 738 939 O
766 881 913 954 quomodo
947 900 1001 956 ego
1029 883 1133 941 vellem
1160 888 1229 942 tunc

293 975 473 1047 triumphare
497 979 527 1032 et
548 975 644 1032 laetae
660 975 765 1032 mentis
789 976 867 1034 esse!
890 976 1011 1034 Et‘non
1031 977 1134 1035 vellem
1149 978 1229 1036 aliud

293 1072 391 1129 vinum
412 1068 514 1127 bibere
530 1086 616 1141 quam
631 1068 786 1126 Rhenense
802 1075 853 1127 aut
867 1071 1031 1130 Alsatense.
1055 1071 1097 1129 Et
1111 1089 1229 1144 possem

292 1182 338 1223 me
362 1165 450 1223 etiam
472 1164 576 1221 melius
601 1180 665 1221 cum
680 1164 809 1236 pulchris
824 1165 928 1236 puellis
951 1166 1100 1224 oblectare
1121 1171 1151 1225 et
1166 1183 1228 1226 sae·

250 1280 279 1323 10
293 1261 358 1334 pius
387 1259 426 1317 ad
451 1258 587 1317 balneum
614 1258 657 1315 ire
686 1263 716 1316 et
741 1258 849 1317 bonum
876 1264 990 1332 tempus
1012 1261 1135 1332 habere,
1160 1279 1227 1334 quo·

217 1349 220 1355 ’
294 1355 332 1414 ad
359 1354 545 1426 episcopatus
573 1357 705 1423 vacaret,
742 1370 825 1426 quem
851 1354 923 1411 mibi
953 1355 1062 1414 donare
1089 1356 1224 1428 possetis

295 1449 363 1522 quia
389 1453 450 1505 tum
479 1449 577 1506 omnia
598 1447 673 1506 bene
701 1453 827 1518 starent,
863 1449 978 1521 quando
1006 1466 1060 1522 ego
1090 1451 1226 1523 ‘gratiose

295 1541 420 1602 domine'
443 1559 582 1615 vocarem
606 1559 686 1612 nam,
711 1547 745 1600 ut
767 1543 839 1600 dicit
862 1545 1021 1615 apostolus
1046 1545 1094 1617 qui
1116 1546 1227 1616 episco-

294 1644 394 1711 patum
421 1637 573 1694 desiderat
598 1635 719 1703 bonum,
753 1637 779 1694 is
808 1637 959 1695 desiderat
988 1655 1069 1710 opus.
1104 1639 1145 1696 Et
1171 1656 1226 1712 ego

250 1753 278 1796 15
293 1733 395 1791 vellem
410 1731 547 1788 libentius
563 1730 672 1788 habere
694 1749 782 1788 unmn
802 1731 911 1789 bonum
926 1749 1011 1805 quam
1034 1733 1148 1790 malum.
1173 1733 1228 1792 Vel

293 1829 319 1886 si
340 1827 397 1884 hoc
422 1841 482 1882 non
503 1825 636 1895 placeret
663 1830 714 1882 aut
736 1825 923 1897 episcopatus
947 1827 1074 1884 nondum
1096 1833 1225 1898 vacaret,

293 1921 370 1996 quod
393 1919 554 1978 dominatio
581 1923 680 1976 vestra
708 1919 793 1977 daret
819 1919 890 1976 mihi
918 1938 1006 1978 unum
1033 1921 1224 1994 privilegium,

292 2023 325 2075 ut
340 2030 518 2090 quocumque
538 2014 676 2083 venirem,
693 2014 771 2087 quod
786 2013 893 2086 hospes
914 2019 1065 2073 teneretur
1085 2017 1157 2073 mihi
1171 2033 1225 2088 pro

249 2123 321 2180 [sija]
359 2127 405 2168 me
434 2114 464 2166 et
486 2107 603 2166 famulis
630 2113 660 2165 et
682 2108 720 2166 ad
742 2108 837 2166 minus
860 2114 998 2182 quattuor
1021 2111 1101 2182 equis
1124 2107 1224 2191 graltis

249 2227 279 2270 20
293 2206 449 2280 providere
483 2209 512 2262 et
545 2220 604 2262 non
636 2203 730 2260 minus
764 2203 795 2261 in
820 2204 944 2275 prandio
979 2209 1009 2262 et
1040 2221 1112 2262 cena
1140 2222 1225 2278 quam

293 2305 430 2374 quattuor
453 2298 534 2356 cibos
558 2298 642 2367 dare,
672 2314 708 2354 ex
731 2297 834 2370 quibus
860 2312 934 2355 unus
957 2299 1079 2357 deberet
1102 2316 1166 2358 esse
1189 2317 1225 2357 ex

292 2395 408 2468 optimis
435 2392 579 2465 piscibns3
608 2393 706 2450 vinum
732 2409 802 2450 vero
831 2391 953 2450 deberet
975 2393 1046 2452 dare
1074 2395 1222 2466 optimum,

293 2495 322 2548 et
336 2488 414 2562 quod
436 2504 495 2544 non
518 2492 597 2545 esset
619 2487 842 2558 sophisticatum
866 2505 931 2544 cum
950 2505 1038 2561 aqua3
1062 2489 1112 2546 ubi
1128 2493 1225 2546 autem

291 2581 509 2651 falsificaretur,
540 2581 618 2653 quod
639 2581 746 2653 hospes
769 2581 818 2639 ille
841 2581 964 2640 deberet
985 2584 1056 2640 mihi
1078 2583 1150 2642 dare
1172 2599 1225 2655 pro

246 2699 276 2741 au
290 2693 385 2752 poena
407 2694 435 2732 x.
459 2675 594 2732 marchas
620 2676 698 2741 auri,
733 2676 858 2748 quinque
880 2693 934 2748 pro
958 2693 1074 2734 camera
1096 2677 1225 2734 domina·

292 2773 380 2830 tionis
402 2775 518 2828 vestrae
542 2774 572 2826 et
594 2769 718 2841 quinque
741 2785 794 2840 pro
818 2786 872 2826 me.
901 2771 941 2827 Et
962 2770 1014 2828 ubi
1036 2771 1164 2830 venirem
1186 2772 1225 2830 ad

291 2868 427 2926 balneum
450 2863 575 2936 aliquod,
600 2863 678 2936 quod
699 2862 853 2920 balneator
874 2881 920 2922 me
941 2863 1052 2923 frustra
1073 2866 1226 2924 balnearet

294 2967 324 3021 et
344 2962 464 3032 insuper
483 2975 570 3015 unum
594 2957 700 3015 bonum
722 2955 881 3015 flasconem
900 2957 959 3015 vini
975 2959 1107 3030 donaret,
1131 2965 1164 3017 ut
1178 2976 1224 3018 me

292 3072 409 3130 possem
430 3055 461 3111 in
485 3052 582 3110 calore
604 3050 734 3109 reficere.
759 3051 883 3124 Insuper
905 3053 955 3110 ubi
978 3054 1016 3111 ad
1036 3055 1159 3126 lupanar
1174 3055 1224 3112 ali-

249 3150 371 3225 eoquod
397 3148 500 3207 vellem
529 3147 585 3216 ire,
621 3146 699 3218 quod
732 3147 902 3205 meretrices
928 3165 975 3206 me
1003 3149 1065 3206 sine
1092 3149 1222 3221 pecuniis

292 3245 489 3312 admitterent,
515 3241 590 3314 quia,
614 3240 683 3298 licet
705 3241 760 3306 sim
782 3240 945 3314 theologus,
973 3247 1071 3301 tamen
1092 3259 1224 3301 necessa-

291 3340 366 3397 rium
393 3343 446 3406 est,
470 3335 683 3408 utaliquando,
708 3335 858 3408 quinquies
881 3337 927 3393 vel
950 3338 1045 3396 sexies
1069 3338 1099 3395 in
1114 3354 1221 3408 mense,

289 3449 410 3507 purgem
432 3448 527 3500 renes,
552 3430 629 3503 quod
652 3430 740 3487 etiam
763 3431 801 3488 ad
824 3431 979 3488 sanitatem
994 3431 1075 3489 facit.
1099 3432 1141 3490 Et
1156 3434 1223 3506 quia

291 3527 450 3586 dominatio
474 3530 573 3583 vestra
595 3531 641 3582 est
663 3523 743 3582 orbis
759 3525 902 3594 dominus,
927 3525 1003 3581 siout
1018 3526 1119 3584 dieunt
1133 3528 1221 3600 leges,

247 3641 276 3683 aa
290 3626 391 3695 posset
417 3621 491 3678 haec
520 3619 617 3677 omnia
643 3617 741 3676 facere
770 3623 800 3676 et
828 3618 916 3676 etiam
944 3618 1070 3689 maiora,
1099 3627 1132 3677 ut
1154 3638 1223 3692 quo-
