2774 4152
462 206 546 251 noun
568 205 724 252 ouoouarr
747 205 870 252 oacrio.
1111 198 1151 258 47

222 401 342 456 cumque
364 383 560 456 pervenirem,
585 384 662 456 quod
684 400 730 441 me
753 400 863 453 omnes,
886 384 932 441 vel
955 389 1055 442 essent
1076 385 1153 458 priu-

222 479 311 552 cipes,
329 478 468 550 episcopi,
492 476 624 548 abbateS,
649 477 791 547 civitates,
816 478 901 536 villae
924 479 968 535 vel
983 479 1153 553 quicumque

223 574 286 644 alii,
316 590 380 631 cum
408 588 519 630 summa
542 573 711 644 exciperent
732 573 921 630 veneratione
948 577 980 631 et
1002 575 1151 633 servitutis

222 668 401 726 exhibitione
424 666 661 740 dimitterentque
685 683 749 725 cum
771 666 841 725 honi
864 667 963 724 viatici
979 668 1152 743 donatione;

192 779 288 823 snam
314 762 393 820 omni
414 762 526 819 honore
549 779 612 818 sum
635 761 739 834 dignus
763 761 800 819 oh
821 766 866 819 tot
888 766 919 819 ct
937 762 1010 820 tales
1026 762 1151 834 labores

224 875 295 930 quos
317 856 407 914 habui
428 873 482 929 pro
505 856 629 914 ecclesia
652 855 707 913 dei.
732 855 772 913 Et
792 861 861 913 tunc
884 873 937 928 ego
953 857 1056 915 vellem
1071 858 1154 916 vobis

221 952 341 1010 realiter
367 951 509 1009 inservire
533 955 636 1008 contra
657 950 831 1008 haereticos.
861 950 926 1023 Ego
949 951 1052 1010 vellem
1074 953 1155 1025 ipsos

223 1046 406 1115 comburere,
435 1045 617 1117 decapitare,
647 1045 835 1113 detruncare,
863 1045 989 1103 verubus
1018 1045 1154 1120 suffigere

222 1147 252 1199 et
278 1140 426 1209 occidere,
456 1138 600 1212 quomodo
628 1156 754 1210 possem,
783 1140 851 1212 quia
877 1140 950 1197 alias
978 1141 1066 1198 etiam
1091 1159 1153 1200 sum

181 1254 209 1296 1o
224 1235 363 1293 terribilis
391 1235 492 1303 homo,
520 1233 677 1306 praecipue
705 1234 820 1306 quando
848 1232 905 1292 leci
932 1235 1039 1293 multos
1061 1235 1154 1296 bonos

223 1330 353 1399 haustae,
382 1329 450 1401 quia
472 1333 541 1385 tunc
563 1328 649 1385 unico
671 1328 732 1386 ictu
755 1345 808 1400 ego
825 1329 927 1385 vellem
941 1328 1016 1388 bene
1040 1336 1154 1389 centum

180 1434 252 1490 [iiijb]
289 1421 455 1480 interficere
477 1439 537 1480 non
557 1418 559 1502 l
580 1422 674 1491 aliter,
699 1438 734 1479 ac
756 1423 780 1479 si
803 1427 901 1480 essent
922 1440 1049 1482 muscae.
1074 1425 1155 1483 Etsi

225 1518 385 1576 dominatio
412 1522 510 1575 vestra
537 1521 568 1573 et
594 1516 727 1574 dominus
754 1533 830 1588 papa
856 1517 964 1575 vellent
990 1518 1061 1575 mihi
1084 1520 1155 1579 dare

222 1613 378 1680 licentiam,
403 1611 480 1684 quod
503 1627 557 1683 ego
580 1627 697 1683 possem
720 1611 817 1669 omnia
830 1609 929 1669 facere
952 1615 1153 1685 quaerelam,

182 1727 209 1769 15
225 1725 278 1780 ego
301 1707 404 1765 vellem
432 1706 520 1764 talem
546 1705 646 1764 ludum
673 1706 816 1778 incipere,
845 1706 922 1778 quod
950 1708 1032 1765 eritis
1055 1709 1155 1768 videre

223 1802 376 1871 mirabilia,
401 1800 469 1873 quia
492 1801 589 1858 omnia
611 1800 714 1858 vellem
737 1786 916 1859 confundere
939 1806 969 1859 et
991 1820 1105 1860 sursum
1125 1809 1156 1862 et

223 1897 360 1956 deorsum
381 1896 590 1969 praecipitare,
620 1895 714 1953 donec
739 1911 824 1953 nemo
848 1895 950 1965 sciret,
978 1896 1028 1954 ubi
1050 1899 1155 1970 princi-

222 1994 301 2066 pium
325 1996 403 2051 esset
425 1991 471 2048 vel
492 1989 568 2048 finis.
597 1988 702 2047 Nonne
724 1989 798 2048 haec
820 1991 941 2047 multum
963 1989 1095 2050 facerent
1117 1993 1155 2052 ad

222 2087 364 2145 honorem
386 2085 593 2142 dominationis
616 2089 746 2153 vestrae,
770 2085 848 2166 quod
870 2101 943 2142 unus
967 2086 1045 2143 solus
1068 2086 1154 2146 homo

178 2200 208 2243 ao
222 2185 321 2238 vestra
343 2179 518 2237 auctoritate
541 2177 674 2235 suffultus
690 2179 779 2237 etiam
794 2178 907 2250 lapides
922 2184 1048 2238 tremere
1063 2179 1155 2239 facit?

223 2275 409 2347 Quapropter
429 2272 504 2330 bene
527 2273 655 2344 cogitate
678 2272 804 2344 desuper
827 2279 856 2330 et
872 2273 940 2332 date
962 2274 1033 2332 mihi
1048 2275 1156 2334 bonum

223 2385 403 2442 responsum.
439 2366 524 2438 Quod
558 2366 616 2426 erit
648 2366 722 2424 bene
756 2367 799 2424 sic
826 2373 924 2426 vester
950 2368 1045 2427 honor
1071 2388 1156 2443 quam

223 2481 313 2522 meus.
343 2461 375 2520 Si
402 2467 499 2520 autem
528 2465 627 2519 essent
654 2461 743 2533 aliqui
769 2462 873 2531 invidi,
902 2463 950 2536 qui
977 2464 1084 2522 vellent
1109 2483 1155 2524 me

222 2557 365 2632 impedire
388 2557 466 2630 apud
489 2556 719 2614 dominationem
742 2561 868 2614 vestram
891 2562 921 2616 et
943 2558 1053 2629 dicere,
1080 2561 1158 2632 quod

178 2675 207 2717 as
222 2672 276 2728 ego
300 2655 354 2712 sim
369 2670 443 2711 unus
459 2652 601 2710 audacter
615 2655 646 2709 et
660 2651 842 2721 temerarius,
867 2651 974 2723 ebrius
999 2659 1155 2724 scortator,

220 2749 386 2821 impudem,
411 2747 617 2816 calumniator,
645 2746 791 2818 sophista,
815 2747 962 2818 garrulus,
995 2748 1154 2820 improbus,

222 2843 356 2911 mendax,
380 2843 501 2911 aleator,
527 2842 676 2910 clamator,
701 2857 865 2912 percussor,
882 2841 1010 2912 insanus,
1027 2841 1155 2901 furiosus

222 2942 293 3007 etc,
316 2953 376 2994 non
398 2935 511 2993 debetis
535 2936 563 2992 ei
586 2935 720 3005 credere,
751 2935 819 3007 quia
844 2935 914 2993 licet
941 2937 1008 2993 olim
1035 2938 1156 2995 multum

220 3031 283 3090 bibi
310 3035 340 3088 et
372 3030 489 3101 saepius
515 3046 607 3102 usque
634 3030 672 3088 ad
699 3029 839 3087 vomitum
866 3029 964 3088 ebrius
990 3029 1033 3088 fui
1061 3033 1156 3090 etsie

177 3146 206 3189 ao
221 3125 318 3184 audax
340 3125 420 3183 evasi
435 3129 466 3182 et
488 3123 669 3194 temerarius,
697 3129 795 3182 tamen
809 3124 868 3182 iam
884 3125 995 3182 cessavi
1018 3126 1093 3183 etin
1109 3127 1156 3185 die

220 3239 279 3279 non
294 3221 371 3278 ultra
387 3220 488 3278 decem
503 3219 659 3276 cantharus
674 3219 853 3276 mensurales
870 3217 971 3292 ebib0;
988 3224 1018 3278 et
1040 3222 1156 3294 quando

220 3316 328 3384 sentio,
359 3313 437 3387 quod
463 3313 560 3370 vinum
582 3311 642 3369 vult
664 3312 735 3369 mihi
757 3312 788 3370 in
810 3317 898 3385 caput
920 3314 1079 3373 ascendere
1111 3316 1158 3374 vel

220 3410 297 3484 quod
320 3410 385 3467 volo
409 3423 552 3478 evomere,
576 3412 645 3464 tunc
668 3423 751 3464 cesso
774 3423 895 3479 magnos
921 3408 1042 3466 haustus
1058 3407 1157 3468 facere

220 3510 251 3563 et
276 3521 335 3563 non
362 3503 449 3561 aliter
476 3519 561 3574 quam
586 3501 758 3574 pytissando
789 3501 931 3573 procedo,
972 3502 1066 3561 donec
1103 3520 1158 3562 neo

175 3617 205 3662 cs
220 3600 311 3672 pedes
333 3616 388 3657 nec
409 3598 509 3670 lingua
531 3613 614 3654 suum
636 3594 749 3655 faciunt
776 3593 912 3654 officium.
936 3595 978 3654 Et
1004 3602 1074 3655 tunc
1099 3615 1159 3657 non
