2774 4152
220 175 237 230 8
547 188 657 233 somus
678 187 869 233 1111111111.

282 361 391 418 Verum
412 361 559 420 Bilibaldo
582 363 660 421 haud
683 365 840 422 admodum
856 362 980 433 confido,
1003 380 1070 421 nam
1086 368 1116 421 et
1130 364 1192 436 ipse

282 455 467 514 Lutheranus
491 461 544 514 est.

325 551 447 608 Amici.
477 551 539 609 Nos
572 567 641 609 vero
672 552 752 609 illum
784 551 839 610 tibi
872 551 1078 610 amicissimum
1110 557 1192 624 puta·

283 645 394 702 bamus.

247 757 261 798 1
326 739 469 796 Eckius.
494 739 541 796 lta
564 739 719 796 simulabat
742 740 881 797 scelestus
905 739 961 809 ille,
986 745 1017 798 11
1032 757 1086 812 ego
1102 739 1194 798 ferme

284 833 447 903 credebam,
472 833 525 890 sed
546 833 625 890 haud
648 834 722 891 adeo
749 834 862 905 pridem
888 833 965 892 illius
987 834 1026 892 ad
1048 851 1094 892 me
1119 835 1194 892 clan-

220 927 322 994 [Aniju]
346 928 440 985 culum
471 927 569 985 delata
596 932 641 985 est
664 929 800 999 epistola,
820 923 823 1007 Ι
840 929 871 985 11
897 945 954 1000 qua
978 929 1056 986 inter
1082 929 1194 1002 reliqua

284 1021 445 1093 sophistam
481 1038 526 1078 me
564 1022 721 1093 gloriosum
759 1028 788 1080 et
822 1021 998 1080 Graecarum
1031 1023 1195 1081 litterarum

285 1117 418 1188 ignarum
440 1115 605 1188 appellavit.

235 1229 263 1270 io
327 1210 451 1268 Amici.
475 1207 611 1268 Verane?

326 1303 469 1362 Eekius.
494 1304 667 1375 verissime,
697 1304 749 1363 sed
772 1305 925 1378 epistolam
947 1305 1026 1363 illam
1051 1321 1197 1376 nunquam

283 1400 389 1457 adme
412 1405 618 1471 perventuram
641 1398 849 1458 arbitrabatur.
874 1399 939 1472 Ego
962 1415 1032 1457 vero
1056 1399 1126 1456 data
1148 1415 1197 1470 op-

281 1495 462 1566 portunitate
485 1494 577 1566 probe
599 1512 645 1553 me
669 1495 705 1553 16
728 1495 844 1552 homine
867 1494 1003 1563 ulciscar,
1028 1510 1104 1551 nunc
1125 1509 1196 1551 vero

284 1588 467 1646 dissimulare
490 1594 521 1646 11
542 1594 638 1646 motos
661 1593 793 1660 praestat
816 1605 990 1660 componere
1012 1587 1126 1646 fluctus.

233 1701 260 1742 11
324 1683 446 1740 Amici.
471 1682 626 1754 Sapienter
647 1688 680 1739 ut
702 1688 818 1752 cuneta,
843 1699 879 1739 ne
901 1683 1008 1740 malum
1034 1682 1197 1740 accumules

282 1782 312 1834 et
333 1777 440 1834 umeris
464 1777 583 1834 tandem
605 1777 700 1848 impar
722 1793 794 1834 onus
816 1777 958 1848 imponas,

325 1870 466 1928 Eckius.
499 1871 607 1928 Verum
630 1876 660 1928 61
688 1871 793 1928 111111
819 1868 981 1928 Cochlaeus
1007 1871 1066 1927 iam
1092 1869 1198 1928 Nurin·

282 1965 391 2039 bergae
408 1982 494 2038 agere
510 1964 605 2022 fertur
627 1983 663 2024 ex
685 1965 772 2022 111111
786 1981 881 2037 nuper
895 1981 1038 2034 reversus
1063 1969 1093 2022 et
1107 1963 1198 2022 factio

283 2060 542 2132 Augustinensium
572 2059 614 2116 ibi
646 2060 723 2131 apud
750 2059 932 2131 potentiores
959 2057 1082 2116 adfatim
1108 2059 1195 2131 viget.

232 2172 261 2214 ao
325 2155 446 2211 Amici.
465 2153 541 2224 Quid
557 2151 620 2211 ais?
643 2152 683 2210 Et
700 2170 764 2210 eum
781 2151 926 2212 Cochlaco
943 2153 997 2211 tibi
1012 2153 1199 2212 intercedunt

283 2245 407 2305 turbae?

324 2341 465 2399 Eckius.
492 2341 545 2399 Vel
567 2341 710 2400 maximae
734 2342 849 2415 quidem
872 2346 902 2400 et
925 2342 1153 2414 antiquissimae.

325 2437 447 2493 Amici.
473 2436 531 2493 Res
554 2437 676 2508 periculi
691 2437 785 2508 plena,
810 2441 840 2494 61
855 2436 1011 2494 admodum
1028 2435 1197 2504 timendum,

281 2547 318 2588 ne
342 2531 445 2602 capitis
468 2531 581 2588 incidas
596 2531 781 2603 vertiginem5
805 2531 836 2587 id
859 2531 935 2586 enim
952 2528 1114 2588 Cochlaeus
1137 2529 1199 2588 effi·

229 2643 258 2686 aa
282 2641 348 2683 cere
371 2624 453 2682 solet.
479 2622 538 2682 Sed
560 2641 633 2696 quae
657 2624 869 2682 discordiarum
892 2621 1000 2682 causa?

325 2718 466 2776 Eckius.
496 2717 620 2776 Vsuram
648 2734 702 2790 ego
726 2716 932 2789 defendebam,
961 2735 1047 2790 quam
1074 2718 1122 2777 illc
1148 2735 1199 2790 pa-

282 2818 368 2872 trono
392 2812 461 2871 olim
484 2829 535 2870 suo
558 2813 746 2884 patrocinans
763 2811 958 2885 oppugnabat.
984 2812 1108 2886 Insuper
1134 2830 1199 2870 cum

280 2906 433 2966 Bononiae
455 2905 662 2965 faeneraticios
685 2911 853 2964 contractus
874 2905 990 2979 publice
1012 2907 1109 2966 licitos
1133 2924 1198 2965 esse

283 3002 529 3060 demonstrassem
551 3017 585 3060 11
612 3017 669 3059 111
698 3001 791 3058 solum
813 3001 976 3075 mihiipsi,
1001 3001 1054 3060 sed
1082 3007 1112 3060 et
1137 3001 1199 3058 uni-

231 3114 260 3156 11
282 3112 384 3155 versae
407 3095 520 3153 nationi
536 3094 727 3153 Germanicae
749 3095 891 3154 honorem
914 3096 1136 3170 adquisivisscm
1157 3097 1200 3153 in·

281 3195 405 3263 gentem,
429 3190 477 3247 ille
493 3195 599 3260 tamen,
625 3206 689 3247 cum
705 3205 741 3247 ea
756 3189 792 3248 de
808 3207 839 3247 re
855 3191 893 3248 ad
920 3193 1028 3250 amicos
1045 3189 1197 3262 scriberet,

281 3284 445 3344 doctrinam
473 3289 502 3342 et
527 3285 654 3357 hnguam
682 3289 713 3342 et
740 3289 840 3357 gestus
868 3290 898 3342 ct
923 3286 1077 3343 materiam
1104 3285 1198 3357 ipsam

281 3379 450 3452 sugillabat,
486 3396 549 3437 cum
572 3379 696 3438 Ioarmes
720 3378 822 3449 Fabri,
861 3379 963 3452 quiet
989 3380 1052 3454 ipse
1081 3396 1145 3437 cum
1167 3379 1198 3435 in

280 3472 421 3532 harenam
445 3473 645 3544 descenderat,
670 3473 794 3532 maxime
817 3473 975 3531 laudasset.

231 3583 260 3628 11
324 3567 448 3625 Amici.
474 3567 638 3626 Sceleratus
662 3567 724 3626 illel
