2774 4152
234 221 274 276 44
517 229 601 274 ECKII
623 229 779 274 annonam
802 227 924 274 ORATIO.

232 707 275 762 [a]
551 667 664 752 acan
684 693 888 752 nnnonxrr

259 799 301 858 ad
325 813 529 857 caesaream
551 798 776 855 maiestatem
805 797 1027 870 magistralis
1057 798 1184 856 oratio.

231 931 283 987 [rja]
438 918 583 990 Magister
605 917 729 975 Ioannes
752 915 1008 975 Schlahinhauffen

377 1022 527 1080 carissimo
556 1021 635 1079 socio
665 1038 717 1078 suo
744 1020 874 1078 Martino
903 1019 1007 1079 Wuest
1034 1019 1062 1077 S.

245 1178 258 1220 s
317 1157 557 1231 Quandoquidem
589 1157 690 1230 igitur,
720 1156 869 1214 carissime
895 1156 1036 1228 magister
1068 1156 1207 1227 Martiae,

273 1271 319 1313 me
334 1253 470 1326 rogastis,
495 1269 560 1310 cum
575 1268 593 1309 a
607 1251 690 1309 vobis
707 1249 896 1320 discederem,
920 1255 954 1307 ut
974 1249 1111 1309 deberem
1126 1251 1209 1309 vobis

274 1348 417 1407 crebriter
438 1363 514 1405 nova
536 1345 665 1404 scribere
688 1345 725 1404 de
748 1345 828 1403 dieta
849 1345 900 1402 illa
921 1345 952 1401 in
965 1345 1108 1418 Augusta,
1132 1346 1210 1418 quod

275 1460 329 1516 ego
361 1443 450 1501 etiam
482 1441 609 1499 libenter
640 1438 731 1510 facie,
761 1444 791 1497 ct
816 1439 874 1496 iam
902 1439 1015 1497 debetis
1047 1440 1126 1498 inter
1152 1440 1210 1498 alia

274 1538 359 1609 scire,
394 1536 472 1610 qnod
506 1535 692 1593 doctissimus
726 1539 756 1591 et
789 1533 1040 1606 eloquentissimus
1071 1534 1211 1607 magister

231 1652 259 1694 10
273 1637 376 1690 noster
396 1631 507 1688 Eckius
540 1629 693 1687 dedolatus
716 1627 787 1686 fecit
809 1645 896 1685 unam
919 1628 1081 1686 orationem
1104 1629 1211 1686 doctis-

275 1729 377 1784 simam
400 1731 430 1783 et
453 1724 707 1796 elegantissimam,
730 1723 800 1780 licet
815 1723 1024 1793 brevissimam,
1053 1739 1152 1780 coram
1168 1741 1211 1782 sc-

274 1820 427 1879 renissimo
460 1819 638 1889 imperatore
664 1822 780 1886 nostro,
815 1834 879 1874 cum
909 1821 1079 1889 praesentes
1113 1823 1212 1875 essent

273 1916 356 1974 multi
378 1913 475 1986 magni
498 1917 527 1970 et
550 1912 712 1969 doctissimi
735 1911 790 1968 viri
813 1912 950 1968 exomni
975 1913 1107 1982 natione,
1137 1929 1211 1985 quae

276 2009 328 2068 sub
356 2010 437 2068 caelo
465 2012 523 2077 est,
552 2007 600 2080 qui
626 2023 685 2064 non
712 2006 783 2064 satis
810 2010 970 2078 potnerunt
991 2006 1104 2076 mirari,
1134 2007 1211 2079 quod

231 2125 259 2167 15
274 2109 358 2163 tanta
372 2102 510 2161 facundia
525 2101 647 2160 deberet
661 2101 739 2158 inter
749 2100 910 2158 Germanos
926 2100 1058 2158 inveniri.
1075 2101 1116 2158 Et
1132 2107 1211 2159 certe

275 2216 329 2272 ego
352 2197 504 2267 timebam,
533 2196 611 2270 quod
637 2197 700 2267 ipse
727 2212 786 2253 non
812 2194 886 2253 bene
914 2200 993 2253 esset
1021 2196 1210 2267 expediturus

273 2292 423 2366 negotium
458 2309 553 2361 suum,
589 2291 657 2363 quia
691 2290 825 2348 ebiberat
852 2294 939 2347 antea
969 2289 1044 2346 bone
1072 2295 1211 2362 quattuor

274 2403 425 2445 mensuras
449 2386 485 2444 de
501 2385 670 2455 Malvatico,
696 2389 726 2443 et
748 2402 801 2456 ego
826 2383 996 2442 dubitabam
1018 2383 1112 2454 valde,
1134 2384 1211 2456 quod

275 2499 334 2540 non
361 2485 441 2538 esset
470 2485 620 2549 oraturus,
650 2480 703 2537 sed
729 2480 894 2551 lallaturus;
918 2478 971 2536 sed
995 2478 1059 2550 ipse
1082 2495 1113 2536 se
1136 2478 1211 2537 adeo

230 2595 259 2638 ao
275 2575 416 2634 audacter
431 2574 587 2646 expedivit,
605 2575 683 2648 quod
698 2591 757 2632 non
770 2573 896 2645 possetis
913 2573 1048 2631 credere:
1065 2573 1212 2630 nonenim

274 2671 338 2743 pius
361 2685 447 2742 quam
469 2673 529 2726 tres
553 2669 750 2726 eructationes
772 2667 850 2724 fecit.
876 2667 900 2724 O
924 2668 949 2723 si
971 2667 1096 2725 bestiam
1118 2668 1211 2740 ipsam

275 2764 365 2823 verba
391 2779 444 2820 sua
471 2767 657 2820 resonantem
684 2761 884 2829 audivissetis,
913 2767 946 2817 ut
974 2762 1068 2834 inquit
1095 2762 1212 2834 qnidam

275 2863 376 2932 poeta,
407 2861 486 2915 certe
513 2873 584 2928 prae
611 2872 716 2928 magno
744 2855 884 2912 miraculo
908 2856 1103 2928 stupuissetis.
1128 2855 1212 2913 Nunc

275 2970 344 3012 vcro
367 2968 539 3024 responsum
565 2955 717 3023 exspectat
731 2949 967 3007 liberalissimum
983 2950 1018 3008 ab
1035 2951 1212 3023 imperatore

233 3068 262 3110 aa
276 3046 495 3118 liberalissimo;
520 3045 589 3118 quid
611 3061 681 3102 vero
705 3049 856 3117 sequetur,
886 3061 939 3118 ego
966 3046 1032 3103 volo
1055 3045 1138 3103 vobis
1160 3061 1214 3116 per

232 3154 285 3210 [ijo]
308 3142 472 3216 proximum
498 3141 630 3197 nuntium
659 3139 802 3209 scribere,
836 3144 866 3197 et
892 3139 1009 3197 interim
1035 3134 1118 3220 beina
1146 3156 1214 3212 gau-

277 3238 344 3297 dete
378 3236 415 3295 ob
449 3253 530 3308 spem
563 3239 693 3292 nostram
725 3235 917 3292 certissimam
951 3238 981 3292 et
1015 3233 1214 3292 confusionem

278 3333 405 3391 omnium
427 3330 651 3388 haereticorum.
675 3328 722 3386 Ex
744 3329 878 3399 Angusta
900 3327 1127 3386 vindelicorum.

319 3426 436 3484 Vadant
458 3443 533 3482 nuno
556 3423 715 3482 trufatores
730 3423 781 3490 iili,
806 3422 854 3494 qui
877 3420 985 3490 dicunt,
1011 3422 1088 3494 quod
1102 3422 1214 3480 Eckius

232 3540 262 3583 ao
277 3526 378 3580 noster
398 3520 552 3578 dedolatus
568 3536 627 3578 non
642 3519 698 3576 scit
712 3518 786 3575 benc
802 3516 962 3573 latinisare.
986 3515 1065 3574 Ecce
1081 3516 1213 3585 Rhodos,

276 3632 344 3676 cece
367 3615 467 3673 saltus.
