2774 4152
523 223 634 268 nemus
656 222 846 268 nanouurvs.
1135 211 1170 266 13

304 401 463 460 Canidia.
488 400 556 469 Pro,
580 416 666 472 quam
691 399 907 471 labyrintheum
930 397 1084 456 indicium!
1115 397 1173 455 Sed

260 502 321 554 1111
354 496 403 553 din
435 495 550 554 obviam
577 495 726 552 venientes
754 491 956 564 interrogabo,
992 492 1085 551 donec
1122 491 1172 548 nbi

261 591 412 648 Musarum
435 589 569 647 habitent
594 589 730 659 deliciae,
759 588 918 660 inveniam,
953 591 997 656 et,
1024 587 1054 643 ni
1076 585 1170 657 fallor,

261 685 317 744 hae
333 689 400 742 sunt
415 685 504 742 aedes
521 688 710 742 monstratae.
735 683 824 752 Heus,
841 683 923 751 heus,
941 682 1039 754 ecquis
1055 678 1170 754 aperit?

224 809 238 850 s
303 787 455 846 Rubeus.
480 788 571 858 Heus,
595 788 677 857 heus,
701 792 731 845 11
753 787 885 859 quisnam
906 784 986 844 fores
1009 802 1088 844 meas
1111 791 1171 843 1111

260 883 393 942 furenter
413 880 543 955 frangit?

304 995 462 1053 Canidia.
486 993 623 1052 Nondum
645 994 739 1067 tetigi.

302 1097 454 1155 Rubeus.
478 1096 586 1154 Verum
609 1101 638 1154 te
653 1097 785 1168 pulsasse
802 1094 975 1153 arbitrabar.
1001 1094 1059 1153 Sed
1076 1112 1171 1168 quem-

259 1210 327 1251 nam
350 1189 486 1265 quaeris?

211 1315 239 1358 11
304 1295 463 1353 Canidia.
487 1293 620 1352 Rubeum
643 1294 796 1366 quendam.

303 1397 452 1456 Rubeus.
482 1396 513 1454 Si
541 1397 659 1455 doctum
691 1397 820 1469 quaeris,
849 1397 874 1454 is
902 1413 956 1469 ego
987 1414 1058 1454 sum.
1094 1396 1170 1467 Quid

261 1493 350 1566 igitur
371 1492 441 1550 velis
465 1492 582 1550 edicito.

305 1603 461 1662 Canidia.
485 1602 615 1660 Litteras
638 1601 711 1660 fero.

304 1707 453 1765 Rubeus.
479 1703 667 1779 Scriptasnc?

212 1828 239 1870 15
304 1808 462 1868 Canidia.
487 1810 528 1867 Et
551 1809 719 1881 obsignatas
743 1826 865 1882 quoque.

302 1913 453 1970 Rubeus.
478 1911 583 1970 Profer
605 1913 702 1985 igitur.

303 2023 462 2083 Canidia.
497 2025 595 2082 Primo
624 2025 737 2098 signum
759 2024 883 2096 inspice,
908 2041 975 2082 nam
1003 2024 1027 2081 si
1050 2023 1169 2082 Rubeus

259 2119 307 2176 illc
330 2135 370 2188 es,
396 2136 480 2192 quem
502 2120 643 2193 quaerito,
669 2118 822 2177 confestim
844 2119 916 2176 illud
939 2134 1106 2191 cognosces

194 2292 196 2295 v
302 2222 451 2281 Rubeus.
481 2223 552 2292 Pro,
581 2228 683 2281 sancta
704 2224 887 2296 Ignorantia,
911 2221 1078 2292 fortissimi,
1103 2221 1170 2280 doc·

207 2335 237 2377 ao
259 2317 364 2374 tissimi
376 2323 462 2390 atquc
475 2317 746 2390 insuperabilissimi
760 2319 866 2376 Keclrii
880 2318 994 2376 litteras
1008 2334 1104 2376 cerno.
1120 2311 1172 2385 Ὡς

258 2405 376 2491 ἥδομαι
388 2407 442 2468 καὶ
458 2410 622 2492 τέρπομαι,
641 2430 706 2471 cum
721 2414 796 2470 tanti
813 2413 866 2470 viri
878 2418 1064 2471 monumenta
1077 2413 1170 2470 solum

258 2505 396 2579 inspici03
421 2506 474 2564 sed
497 2512 527 2564 et
548 2506 692 2565 basiolum
713 2507 769 2565 illis
793 2506 914 2581 infigere
936 2508 1016 2566 libet.

303 2615 462 2676 Canidia.
487 2618 550 2675 Iam
572 2618 657 2690 plane
681 2623 710 2676 te
732 2619 813 2676 illum
836 2637 899 2677 esse
923 2619 1059 2690 arbitror,
1084 2637 1169 2693 quem

258 2710 391 2769 dominus
413 2713 613 2784 praedicabat.
639 2713 700 2771 Fac
719 2715 817 2786 igitur,
841 2720 873 2772 ut
887 2716 1003 2774 litterae
1019 2716 1168 2787 magistris

206 2823 236 2865 aa
257 2806 366 2864 nostris
391 2808 610 2880 consignentur3
640 2813 670 2865 et
697 2826 751 2882 ego
774 2827 946 2883 responsum
967 2810 1073 2878 feram,
1101 2827 1169 2868 nam

257 2917 303 2957 me
324 2905 357 2957 ut
379 2901 572 2959 accelerarem
594 2903 687 2960 iussit.

301 3002 451 3060 Rubeus.
475 3003 603 3076 Dignum
618 3010 648 3063 et
662 3006 771 3064 iustum
783 3012 841 3080 est,
858 3008 906 3066 hic
920 3009 1009 3080 igitur
1021 3009 1165 3082 opperire,

258 3095 351 3154 donec
380 3102 484 3156 cuncta
511 3099 683 3173 transigam3
720 3102 903 3160 commodum
930 3104 1038 3160 etenim
1067 3107 1167 3176 patres

258 3192 417 3264 conscripti
440 3195 608 3266 congregati
632 3200 707 3264 sunt,
730 3201 764 3253 ut
779 3196 815 3254 de
829 3196 998 3255 Luthcrano
1016 3199 1169 3256 consulant

205 3303 234 3346 ao
256 3287 385 3358 negotio,
402 3288 545 3360 siquidem
556 3288 847 3363 Brandenburgensis
860 3291 1014 3364 episcopus
1029 3309 1168 3372 χειρουρ-

255 3375 315 3453 γόν
337 3381 481 3454 quendam
506 3383 563 3440 huc
586 3384 673 3457 misit,
698 3385 746 3458 qui
768 3386 811 3442 ita
825 3385 986 3444 Lutherum
1008 3388 1038 3445 in
1053 3387 1166 3447 favillas

191 3527 396 3543 b———n

236 3611 278 3645 20‘·
300 3613 389 3683 Quam
406 3618 512 3685 gaudeo
532 3623 560 3671 et
578 3619 674 3674 laetor.
