<?xml version="1.0" encoding="UTF-8"?>
<!DOCTYPE html PUBLIC "-//W3C//DTD XHTML 1.0 Transitional//EN"
    "http://www.w3.org/TR/xhtml1/DTD/xhtml1-transitional.dtd">
<html xmlns="http://www.w3.org/1999/xhtml" xml:lang="en" lang="en">
 <head>
  <title>
</title>
<meta http-equiv="Content-Type" content="text/html;charset=utf-8" />
  <meta name='ocr-system' content='tesseract 3.04.00' />
  <meta name='ocr-capabilities' content='ocr_page ocr_carea ocr_par ocr_line ocrx_word'/>
</head>
<body>
  <div class='ocr_page' id='page_1' title='image "./eckivsdedolatvs01cottgoog_0051.png"; bbox 0 0 2774 4152; ppageno 0'>
   <div class='ocr_carea' id='block_1_1' title="bbox 579 201 901 247">
    <p class='ocr_par' dir='ltr' id='par_1_1' title="bbox 579 201 901 247">
     <span class='ocr_line' id='line_1_1' title="bbox 579 201 901 247; baseline 0.003 -2"><span class='ocrx_word' id='word_1_1' title='bbox 579 202 689 246; x_wconf 77' lang='lat' dir='ltr'>ncxlvs</span> <span class='ocrx_word' id='word_1_2' title='bbox 711 201 901 247; x_wconf 81' lang='lat' dir='ltr'>DEDOLATVS.</span> 
     </span>
    </p>
   </div>
   <div class='ocr_carea' id='block_1_2' title="bbox 320 376 1232 732">
    <p class='ocr_par' dir='ltr' id='par_1_2' title="bbox 320 376 1232 732">
     <span class='ocr_line' id='line_1_2' title="bbox 364 376 1232 450; baseline 0.003 -17"><span class='ocrx_word' id='word_1_3' title='bbox 364 377 529 435; x_wconf 86' lang='lat' dir='ltr'><strong>Auditor.</strong></span> <span class='ocrx_word' id='word_1_4' title='bbox 554 378 660 435; x_wconf 88' lang='lat' dir='ltr'>Verum</span> <span class='ocrx_word' id='word_1_5' title='bbox 684 396 749 436; x_wconf 91' lang='lat' dir='ltr'>curn</span> <span class='ocrx_word' id='word_1_6' title='bbox 771 380 841 447; x_wconf 91' lang='lat' dir='ltr'>iam,</span> <span class='ocrx_word' id='word_1_7' title='bbox 867 379 1002 450; x_wconf 84' lang='lat' dir='ltr'>theologe</span> <span class='ocrx_word' id='word_1_8' title='bbox 1026 379 1147 450; x_wconf 88' lang='lat' dir='ltr'>optime,</span> <span class='ocrx_word' id='word_1_9' title='bbox 1172 376 1232 436; x_wconf 85' lang='lat' dir='ltr'>lor-</span> 
     </span>
     <span class='ocr_line' id='line_1_3' title="bbox 321 472 1232 530; baseline 0.001 -3"><span class='ocrx_word' id='word_1_10' title='bbox 321 475 408 529; x_wconf 81' lang='lat' dir='ltr'>tunae</span> <span class='ocrx_word' id='word_1_11' title='bbox 432 472 496 529; x_wconf 90' lang='lat' dir='ltr'>alea</span> <span class='ocrx_word' id='word_1_12' title='bbox 519 474 557 530; x_wconf 93' lang='lat' dir='ltr'>sit</span> <span class='ocrx_word' id='word_1_13' title='bbox 580 473 731 530; x_wconf 89' lang='lat' dir='ltr'>subeunda</span> <span class='ocrx_word' id='word_1_14' title='bbox 754 491 788 530; x_wconf 91' lang='lat' dir='ltr'>ac</span> <span class='ocrx_word' id='word_1_15' title='bbox 811 473 865 530; x_wconf 88' lang='lat' dir='ltr'>tibi</span> <span class='ocrx_word' id='word_1_16' title='bbox 888 490 905 530; x_wconf 93' lang='lat' dir='ltr'>a</span> <span class='ocrx_word' id='word_1_17' title='bbox 928 472 1095 530; x_wconf 83' lang='lat' dir='ltr'>criminibus</span> <span class='ocrx_word' id='word_1_18' title='bbox 1118 473 1232 530; x_wconf 90' lang='lat' dir='ltr'>cunctis</span> 
     </span>
     <span class='ocr_line' id='line_1_4' title="bbox 320 565 1230 640; baseline 0.003 -19"><span class='ocrx_word' id='word_1_19' title='bbox 320 565 395 623; x_wconf 91' lang='lat' dir='ltr'>liber</span> <span class='ocrx_word' id='word_1_20' title='bbox 410 566 545 636; x_wconf 86' lang='lat' dir='ltr'>videaris,</span> <span class='ocrx_word' id='word_1_21' title='bbox 568 568 671 625; x_wconf 88' lang='lat' dir='ltr'>saltem</span> <span class='ocrx_word' id='word_1_22' title='bbox 686 568 742 625; x_wconf 89' lang='lat' dir='ltr'>hoo</span> <span class='ocrx_word' id='word_1_23' title='bbox 757 585 810 640; x_wconf 86' lang='lat' dir='ltr'>per</span> <span class='ocrx_word' id='word_1_24' title='bbox 826 568 941 625; x_wconf 88' lang='lat' dir='ltr'>solitam</span> <span class='ocrx_word' id='word_1_25' title='bbox 958 568 1003 626; x_wconf 93' lang='lat' dir='ltr'>dic</span> <span class='ocrx_word' id='word_1_26' title='bbox 1024 568 1230 636; x_wconf 81' lang='lat' dir='ltr'>temeritatem,</span> 
     </span>
     <span class='ocr_line' id='line_1_5' title="bbox 321 660 1229 732; baseline 0.001 -16"><span class='ocrx_word' id='word_1_27' title='bbox 321 660 390 732; x_wconf 89' lang='lat' dir='ltr'>quid</span> <span class='ocrx_word' id='word_1_28' title='bbox 413 667 441 718; x_wconf 89' lang='lat' dir='ltr'>te</span> <span class='ocrx_word' id='word_1_29' title='bbox 465 667 497 718; x_wconf 89' lang='lat' dir='ltr'>ut</span> <span class='ocrx_word' id='word_1_30' title='bbox 512 662 586 720; x_wconf 88' lang='lat' dir='ltr'>adeo</span> <span class='ocrx_word' id='word_1_31' title='bbox 604 668 706 720; x_wconf 91' lang='lat' dir='ltr'>contra</span> <span class='ocrx_word' id='word_1_32' title='bbox 722 663 882 720; x_wconf 84' lang='lat' dir='ltr'>Martinam</span> <span class='ocrx_word' id='word_1_33' title='bbox 894 663 1036 720; x_wconf 83' lang='lat' dir='ltr'>insanires</span> <span class='ocrx_word' id='word_1_34' title='bbox 1053 663 1229 719; x_wconf 80' lang='lat' dir='ltr'>incitaverit.</span> 
     </span>
    </p>
   </div>
   <div class='ocr_carea' id='block_1_3' title="bbox 284 763 1232 1026">
    <p class='ocr_par' dir='ltr' id='par_1_3' title="bbox 284 763 1232 1026">
     <span class='ocr_line' id='line_1_6' title="bbox 284 763 1232 838; baseline 0.002 -18"><span class='ocrx_word' id='word_1_35' title='bbox 284 781 299 821; x_wconf 81' lang='lat' dir='ltr'>a</span> <span class='ocrx_word' id='word_1_36' title='bbox 363 763 504 821; x_wconf 80' lang='lat' dir='ltr'>Eckius</span> <span class='ocrx_word' id='word_1_37' title='bbox 531 764 650 822; x_wconf 86' lang='lat' dir='ltr'>Secreta</span> <span class='ocrx_word' id='word_1_38' title='bbox 673 783 718 823; x_wconf 89' lang='lat' dir='ltr'>me</span> <span class='ocrx_word' id='word_1_39' title='bbox 738 766 867 838; x_wconf 88' lang='lat' dir='ltr'>pandere</span> <span class='ocrx_word' id='word_1_40' title='bbox 890 765 986 836; x_wconf 71' lang='lat' dir='ltr'>iubes,</span> <span class='ocrx_word' id='word_1_41' title='bbox 1010 764 1117 822; x_wconf 88' lang='lat' dir='ltr'>faciam</span> <span class='ocrx_word' id='word_1_42' title='bbox 1131 771 1232 822; x_wconf 89' lang='lat' dir='ltr'>tamen</span> 
     </span>
     <span class='ocr_line' id='line_1_7' title="bbox 320 859 1231 932; baseline 0.002 -18"><span class='ocrx_word' id='word_1_43' title='bbox 320 861 349 915; x_wconf 92' lang='lat' dir='ltr'>te</span> <span class='ocrx_word' id='word_1_44' title='bbox 365 859 407 915; x_wconf 90' lang='lat' dir='ltr'>ita</span> <span class='ocrx_word' id='word_1_45' title='bbox 423 859 551 916; x_wconf 88' lang='lat' dir='ltr'>volente:</span> <span class='ocrx_word' id='word_1_46' title='bbox 569 859 809 918; x_wconf 90' lang='lat' dir='ltr'>Praedicatorum</span> <span class='ocrx_word' id='word_1_47' title='bbox 825 861 878 918; x_wconf 92' lang='lat' dir='ltr'>sub</span> <span class='ocrx_word' id='word_1_48' title='bbox 894 861 1016 928; x_wconf 89' lang='lat' dir='ltr'>initium,</span> <span class='ocrx_word' id='word_1_49' title='bbox 1034 860 1101 916; x_wconf 92' lang='lat' dir='ltr'>dein</span> <span class='ocrx_word' id='word_1_50' title='bbox 1117 876 1231 932; x_wconf 90' lang='lat' dir='ltr'>quoque</span> 
     </span>
     <span class='ocr_line' id='line_1_8' title="bbox 319 951 911 1026; baseline 0.003 -18"><span class='ocrx_word' id='word_1_51' title='bbox 319 951 503 1024; x_wconf 90' lang='lat' dir='ltr'>Lipsensium</span> <span class='ocrx_word' id='word_1_52' title='bbox 525 955 750 1026; x_wconf 83' lang='lat' dir='ltr'>pollicitationes</span> <span class='ocrx_word' id='word_1_53' title='bbox 773 955 911 1013; x_wconf 86' lang='lat' dir='ltr'>inlexere.</span> 
     </span>
    </p>
   </div>
   <div class='ocr_carea' id='block_1_4' title="bbox 320 1056 1230 1210">
    <p class='ocr_par' dir='ltr' id='par_1_4' title="bbox 320 1056 1230 1210">
     <span class='ocr_line' id='line_1_9' title="bbox 362 1056 1230 1130; baseline 0.002 -18"><span class='ocrx_word' id='word_1_54' title='bbox 362 1056 523 1114; x_wconf 86' lang='lat' dir='ltr'>Auditor.</span> <span class='ocrx_word' id='word_1_55' title='bbox 548 1059 588 1113; x_wconf 92' lang='lat' dir='ltr'>At</span> <span class='ocrx_word' id='word_1_56' title='bbox 611 1074 665 1129; x_wconf 89' lang='lat' dir='ltr'>ego</span> <span class='ocrx_word' id='word_1_57' title='bbox 688 1059 820 1115; x_wconf 90' lang='lat' dir='ltr'>veritatis</span> <span class='ocrx_word' id='word_1_58' title='bbox 844 1075 972 1130; x_wconf 84' lang='lat' dir='ltr'>amorem</span> <span class='ocrx_word' id='word_1_59' title='bbox 995 1062 1025 1115; x_wconf 91' lang='lat' dir='ltr'>et</span> <span class='ocrx_word' id='word_1_60' title='bbox 1046 1056 1230 1114; x_wconf 81' lang='lat' dir='ltr'>Christianae</span> 
     </span>
     <span class='ocr_line' id='line_1_10' title="bbox 320 1147 737 1210; baseline 0.01 -5"><span class='ocrx_word' id='word_1_61' title='bbox 320 1147 390 1207; x_wconf 88' lang='lat' dir='ltr'>fidei</span> <span class='ocrx_word' id='word_1_62' title='bbox 413 1151 539 1208; x_wconf 89' lang='lat' dir='ltr'>studium</span> <span class='ocrx_word' id='word_1_63' title='bbox 563 1151 737 1210; x_wconf 89' lang='lat' dir='ltr'>arbitrabar.</span> 
     </span>
    </p>
   </div>
   <div class='ocr_carea' id='block_1_5' title="bbox 272 1252 1231 1406">
    <p class='ocr_par' dir='ltr' id='par_1_5' title="bbox 272 1252 1231 1406">
     <span class='ocr_line' id='line_1_11' title="bbox 272 1252 1231 1324; baseline 0.002 -14"><span class='ocrx_word' id='word_1_64' title='bbox 272 1269 299 1310; x_wconf 84' lang='lat' dir='ltr'>ro</span> <span class='ocrx_word' id='word_1_65' title='bbox 363 1252 505 1310; x_wconf 86' lang='lat' dir='ltr'>Eckius.</span> <span class='ocrx_word' id='word_1_66' title='bbox 532 1253 589 1312; x_wconf 91' lang='lat' dir='ltr'>Pro</span> <span class='ocrx_word' id='word_1_67' title='bbox 613 1255 751 1313; x_wconf 90' lang='lat' dir='ltr'>coronide</span> <span class='ocrx_word' id='word_1_68' title='bbox 768 1254 960 1324; x_wconf 89' lang='lat' dir='ltr'>addebantur,</span> <span class='ocrx_word' id='word_1_69' title='bbox 986 1255 1038 1313; x_wconf 89' lang='lat' dir='ltr'>sed</span> <span class='ocrx_word' id='word_1_70' title='bbox 1053 1255 1132 1312; x_wconf 88' lang='lat' dir='ltr'>illino</span> <span class='ocrx_word' id='word_1_71' title='bbox 1146 1255 1231 1312; x_wconf 91' lang='lat' dir='ltr'>lacri-</span> 
     </span>
     <span class='ocr_line' id='line_1_12' title="bbox 320 1347 482 1406; baseline 0.006 -3"><span class='ocrx_word' id='word_1_72' title='bbox 320 1364 384 1404; x_wconf 87' lang='lat' dir='ltr'>mae</span> <span class='ocrx_word' id='word_1_73' title='bbox 407 1347 482 1406; x_wconf 89' lang='lat' dir='ltr'>illae.</span> 
     </span>
    </p>
   </div>
   <div class='ocr_carea' id='block_1_6' title="bbox 258 1451 1232 1794">
    <p class='ocr_par' dir='ltr' id='par_1_6' title="bbox 321 1451 1232 1713">
     <span class='ocr_line' id='line_1_13' title="bbox 363 1451 1231 1524; baseline 0.001 -16"><span class='ocrx_word' id='word_1_74' title='bbox 363 1451 524 1509; x_wconf 84' lang='lat' dir='ltr'>Auditor.</span> <span class='ocrx_word' id='word_1_75' title='bbox 546 1451 624 1508; x_wconf 89' lang='lat' dir='ltr'>Mira</span> <span class='ocrx_word' id='word_1_76' title='bbox 635 1451 737 1521; x_wconf 75' lang='lat' dir='ltr'>refers</span> <span class='ocrx_word' id='word_1_77' title='bbox 755 1452 837 1524; x_wconf 89' lang='lat' dir='ltr'>quasi</span> <span class='ocrx_word' id='word_1_78' title='bbox 849 1451 1105 1509; x_wconf 86' lang='lat' dir='ltr'>Praedicatoribus</span> <span class='ocrx_word' id='word_1_79' title='bbox 1118 1467 1231 1524; x_wconf 85' lang='lat' dir='ltr'>quoque</span> 
     </span>
     <span class='ocr_line' id='line_1_14' title="bbox 321 1544 1231 1619; baseline 0.002 -19"><span class='ocrx_word' id='word_1_80' title='bbox 321 1544 448 1617; x_wconf 90' lang='lat' dir='ltr'>linguam</span> <span class='ocrx_word' id='word_1_81' title='bbox 470 1546 622 1616; x_wconf 82' lang='lat' dir='ltr'>locaveris,</span> <span class='ocrx_word' id='word_1_82' title='bbox 647 1564 712 1604; x_wconf 90' lang='lat' dir='ltr'>curn</span> <span class='ocrx_word' id='word_1_83' title='bbox 733 1547 791 1619; x_wconf 90' lang='lat' dir='ltr'>ipsi</span> <span class='ocrx_word' id='word_1_84' title='bbox 814 1552 933 1604; x_wconf 89' lang='lat' dir='ltr'>cunctos</span> <span class='ocrx_word' id='word_1_85' title='bbox 958 1547 1096 1604; x_wconf 86' lang='lat' dir='ltr'>mortales</span> <span class='ocrx_word' id='word_1_86' title='bbox 1115 1547 1231 1617; x_wconf 85' lang='lat' dir='ltr'>linguae</span> 
     </span>
     <span class='ocr_line' id='line_1_15' title="bbox 321 1640 1232 1713; baseline 0.001 -17"><span class='ocrx_word' id='word_1_87' title='bbox 321 1646 497 1711; x_wconf 83' lang='lat' dir='ltr'>exsuperent</span> <span class='ocrx_word' id='word_1_88' title='bbox 519 1641 716 1712; x_wconf 86' lang='lat' dir='ltr'>improbitate,</span> <span class='ocrx_word' id='word_1_89' title='bbox 742 1641 874 1698; x_wconf 89' lang='lat' dir='ltr'>caninam</span> <span class='ocrx_word' id='word_1_90' title='bbox 894 1657 1005 1713; x_wconf 88' lang='lat' dir='ltr'>quoque</span> <span class='ocrx_word' id='word_1_91' title='bbox 1021 1640 1232 1698; x_wconf 85' lang='lat' dir='ltr'>facunditatem</span> 
     </span>
    </p>

    <p class='ocr_par' dir='ltr' id='par_1_7' title="bbox 258 1735 868 1794">
     <span class='ocr_line' id='line_1_16' title="bbox 258 1735 868 1794; baseline -0.003 -1"><span class='ocrx_word' id='word_1_92' title='bbox 258 1753 285 1794; x_wconf 82' lang='lat'>15</span> <span class='ocrx_word' id='word_1_93' title='bbox 323 1735 368 1791; x_wconf 91' lang='lat' dir='ltr'>vel</span> <span class='ocrx_word' id='word_1_94' title='bbox 389 1735 543 1793; x_wconf 89' lang='lat' dir='ltr'>immodice</span> <span class='ocrx_word' id='word_1_95' title='bbox 568 1752 704 1793; x_wconf 86' lang='lat' dir='ltr'>exercere</span> <span class='ocrx_word' id='word_1_96' title='bbox 727 1737 868 1793; x_wconf 88' lang='lat' dir='ltr'>noverint.</span> 
     </span>
    </p>
   </div>
   <div class='ocr_carea' id='block_1_7' title="bbox 321 1837 1233 2100">
    <p class='ocr_par' dir='ltr' id='par_1_8' title="bbox 321 1837 1233 2100">
     <span class='ocr_line' id='line_1_17' title="bbox 364 1837 1231 1911; baseline -0.001 -16"><span class='ocrx_word' id='word_1_97' title='bbox 364 1837 504 1895; x_wconf 83' lang='lat' dir='ltr'>Eclrius.</span> <span class='ocrx_word' id='word_1_98' title='bbox 529 1838 644 1896; x_wconf 89' lang='lat' dir='ltr'>Novere</span> <span class='ocrx_word' id='word_1_99' title='bbox 661 1839 785 1911; x_wconf 89' lang='lat' dir='ltr'>quidem,</span> <span class='ocrx_word' id='word_1_100' title='bbox 810 1844 841 1896; x_wconf 88' lang='lat' dir='ltr'>et</span> <span class='ocrx_word' id='word_1_101' title='bbox 856 1838 910 1896; x_wconf 89' lang='lat' dir='ltr'>soli</span> <span class='ocrx_word' id='word_1_102' title='bbox 926 1837 1149 1896; x_wconf 90' lang='lat' dir='ltr'>Praedicatores</span> <span class='ocrx_word' id='word_1_103' title='bbox 1164 1837 1231 1894; x_wconf 93' lang='lat' dir='ltr'>huic</span> 
     </span>
     <span class='ocr_line' id='line_1_18' title="bbox 322 1931 1233 2006; baseline -0.002 -16"><span class='ocrx_word' id='word_1_104' title='bbox 322 1932 492 2006; x_wconf 84' lang='lat' dir='ltr'>tragoediae</span> <span class='ocrx_word' id='word_1_105' title='bbox 513 1933 665 1990; x_wconf 85' lang='lat' dir='ltr'>exordium</span> <span class='ocrx_word' id='word_1_106' title='bbox 687 1933 858 2004; x_wconf 89' lang='lat' dir='ltr'>praebuere.</span> <span class='ocrx_word' id='word_1_107' title='bbox 885 1931 1020 1990; x_wconf 84' lang='lat' dir='ltr'>Cetemm</span> <span class='ocrx_word' id='word_1_108' title='bbox 1036 1949 1101 1989; x_wconf 89' lang='lat' dir='ltr'>cum</span> <span class='ocrx_word' id='word_1_109' title='bbox 1116 1933 1174 1988; x_wconf 89' lang='lat' dir='ltr'>iam</span> <span class='ocrx_word' id='word_1_110' title='bbox 1197 1949 1233 1989; x_wconf 86' lang='lat' dir='ltr'>ex</span> 
     </span>
     <span class='ocr_line' id='line_1_19' title="bbox 321 2026 1232 2100; baseline -0.003 -15"><span class='ocrx_word' id='word_1_111' title='bbox 321 2026 400 2087; x_wconf 85' lang='lat' dir='ltr'>fumo</span> <span class='ocrx_word' id='word_1_112' title='bbox 424 2028 519 2100; x_wconf 85' lang='lat' dir='ltr'>ignem</span> <span class='ocrx_word' id='word_1_113' title='bbox 542 2029 733 2085; x_wconf 86' lang='lat' dir='ltr'>suscitassent</span> <span class='ocrx_word' id='word_1_114' title='bbox 756 2045 790 2085; x_wconf 89' lang='lat' dir='ltr'>ac</span> <span class='ocrx_word' id='word_1_115' title='bbox 813 2044 843 2085; x_wconf 89' lang='lat' dir='ltr'>se</span> <span class='ocrx_word' id='word_1_116' title='bbox 860 2027 989 2085; x_wconf 90' lang='lat' dir='ltr'>Martino</span> <span class='ocrx_word' id='word_1_117' title='bbox 1012 2027 1138 2098; x_wconf 90' lang='lat' dir='ltr'>impares</span> <span class='ocrx_word' id='word_1_118' title='bbox 1154 2026 1232 2084; x_wconf 86' lang='lat' dir='ltr'>vide·</span> 
     </span>
    </p>
   </div>
   <div class='ocr_carea' id='block_1_8' title="bbox 257 2119 1233 2653">
    <p class='ocr_par' dir='ltr' id='par_1_9' title="bbox 321 2119 1232 2194">
     <span class='ocr_line' id='line_1_20' title="bbox 321 2119 1232 2194; baseline -0.003 -14"><span class='ocrx_word' id='word_1_119' title='bbox 321 2129 394 2193; x_wconf 89' lang='lat' dir='ltr'>rent,</span> <span class='ocrx_word' id='word_1_120' title='bbox 423 2140 468 2180; x_wconf 91' lang='lat' dir='ltr'>me</span> <span class='ocrx_word' id='word_1_121' title='bbox 491 2123 630 2180; x_wconf 83' lang='lat' dir='ltr'>vicarium</span> <span class='ocrx_word' id='word_1_122' title='bbox 653 2121 845 2179; x_wconf 88' lang='lat' dir='ltr'>substituere:</span> <span class='ocrx_word' id='word_1_123' title='bbox 869 2139 928 2179; x_wconf 93' lang='lat' dir='ltr'>non</span> <span class='ocrx_word' id='word_1_124' title='bbox 950 2138 1065 2194; x_wconf 90' lang='lat' dir='ltr'>semper</span> <span class='ocrx_word' id='word_1_125' title='bbox 1080 2123 1156 2178; x_wconf 90' lang='lat' dir='ltr'>enim</span> <span class='ocrx_word' id='word_1_126' title='bbox 1171 2119 1232 2178; x_wconf 84' lang='lat' dir='ltr'>feli-</span> 
     </span>
    </p>

    <p class='ocr_par' dir='ltr' id='par_1_10' title="bbox 257 2215 1233 2653">
     <span class='ocr_line' id='line_1_21' title="bbox 257 2215 1232 2294; baseline -0.007 -15"><span class='ocrx_word' id='word_1_127' title='bbox 257 2226 329 2284; x_wconf 79' lang='lat' dir='ltr'>[Oijb]</span> <span class='ocrx_word' id='word_1_128' title='bbox 359 2235 421 2275; x_wconf 88' lang='lat' dir='ltr'>cern</span> <span class='ocrx_word' id='word_1_129' title='bbox 449 2235 513 2276; x_wconf 83' lang='lat' dir='ltr'>esse</span> <span class='ocrx_word' id='word_1_130' title='bbox 545 2217 740 2274; x_wconf 88' lang='lat' dir='ltr'>temeritatem</span> <span class='ocrx_word' id='word_1_131' title='bbox 772 2217 915 2274; x_wconf 87' lang='lat' dir='ltr'>Bernensi</span> <span class='ocrx_word' id='word_1_132' title='bbox 949 2233 982 2274; x_wconf 86' lang='lat' dir='ltr'>ac</span> <span class='ocrx_word' id='word_1_133' title='bbox 1013 2215 1232 2294; x_wconf 56' lang='lat' dir='ltr'>Reuchgliniana</span> 
     </span>
     <span class='ocr_line' id='line_1_22' title="bbox 323 2310 1233 2384; baseline -0.002 -16"><span class='ocrx_word' id='word_1_134' title='bbox 323 2313 488 2370; x_wconf 87' lang='lat' dir='ltr'>calamitate</span> <span class='ocrx_word' id='word_1_135' title='bbox 501 2314 559 2370; x_wconf 86' lang='lat' dir='ltr'>iarn</span> <span class='ocrx_word' id='word_1_136' title='bbox 576 2311 689 2384; x_wconf 88' lang='lat' dir='ltr'>experti</span> <span class='ocrx_word' id='word_1_137' title='bbox 705 2316 779 2368; x_wconf 91' lang='lat' dir='ltr'>sunt.</span> <span class='ocrx_word' id='word_1_138' title='bbox 802 2311 873 2368; x_wconf 92' lang='lat' dir='ltr'>Ideo</span> <span class='ocrx_word' id='word_1_139' title='bbox 891 2312 1034 2382; x_wconf 89' lang='lat' dir='ltr'>tantisper</span> <span class='ocrx_word' id='word_1_140' title='bbox 1050 2310 1233 2367; x_wconf 90' lang='lat' dir='ltr'>dissimulant</span> 
     </span>
     <span class='ocr_line' id='line_1_23' title="bbox 321 2405 1228 2478; baseline -0.003 -15"><span class='ocrx_word' id='word_1_141' title='bbox 321 2411 407 2478; x_wconf 90' lang='lat' dir='ltr'>atque</span> <span class='ocrx_word' id='word_1_142' title='bbox 431 2424 565 2465; x_wconf 91' lang='lat' dir='ltr'>ursorum</span> <span class='ocrx_word' id='word_1_143' title='bbox 587 2407 681 2463; x_wconf 90' lang='lat' dir='ltr'>instar</span> <span class='ocrx_word' id='word_1_144' title='bbox 703 2405 832 2463; x_wconf 88' lang='lat' dir='ltr'>hibernis</span> <span class='ocrx_word' id='word_1_145' title='bbox 856 2407 913 2463; x_wconf 91' lang='lat' dir='ltr'>iam</span> <span class='ocrx_word' id='word_1_146' title='bbox 934 2405 1095 2463; x_wconf 90' lang='lat' dir='ltr'>dormitant</span> <span class='ocrx_word' id='word_1_147' title='bbox 1111 2405 1228 2473; x_wconf 90' lang='lat' dir='ltr'>solibus,</span> 
     </span>
     <span class='ocr_line' id='line_1_24' title="bbox 321 2499 1231 2573; baseline -0.003 -16"><span class='ocrx_word' id='word_1_148' title='bbox 321 2505 354 2557; x_wconf 93' lang='lat' dir='ltr'>ut</span> <span class='ocrx_word' id='word_1_149' title='bbox 371 2502 530 2559; x_wconf 89' lang='lat' dir='ltr'>crassiores</span> <span class='ocrx_word' id='word_1_150' title='bbox 550 2507 579 2559; x_wconf 92' lang='lat' dir='ltr'>et</span> <span class='ocrx_word' id='word_1_151' title='bbox 600 2501 763 2573; x_wconf 86' lang='lat' dir='ltr'>vegetiores</span> <span class='ocrx_word' id='word_1_152' title='bbox 786 2500 940 2572; x_wconf 89' lang='lat' dir='ltr'>aliquando</span> <span class='ocrx_word' id='word_1_153' title='bbox 964 2505 1136 2571; x_wconf 88' lang='lat' dir='ltr'>conceptum</span> <span class='ocrx_word' id='word_1_154' title='bbox 1153 2499 1231 2555; x_wconf 87' lang='lat' dir='ltr'>virus</span> 
     </span>
     <span class='ocr_line' id='line_1_25' title="bbox 323 2594 1060 2653; baseline -0.003 -1"><span class='ocrx_word' id='word_1_155' title='bbox 323 2611 457 2653; x_wconf 82' lang='lat' dir='ltr'>evomere</span> <span class='ocrx_word' id='word_1_156' title='bbox 481 2601 511 2653; x_wconf 91' lang='lat' dir='ltr'>et</span> <span class='ocrx_word' id='word_1_157' title='bbox 532 2612 622 2653; x_wconf 91' lang='lat' dir='ltr'>novas</span> <span class='ocrx_word' id='word_1_158' title='bbox 646 2594 747 2652; x_wconf 91' lang='lat' dir='ltr'>turbas</span> <span class='ocrx_word' id='word_1_159' title='bbox 771 2595 913 2652; x_wconf 91' lang='lat' dir='ltr'>suscitare</span> <span class='ocrx_word' id='word_1_160' title='bbox 936 2594 1060 2652; x_wconf 88' lang='lat' dir='ltr'>valeant.</span> 
     </span>
    </p>
   </div>
   <div class='ocr_carea' id='block_1_9' title="bbox 257 2695 1233 3342">
    <p class='ocr_par' dir='ltr' id='par_1_11' title="bbox 257 2695 1233 3342">
     <span class='ocr_line' id='line_1_26' title="bbox 258 2695 1231 2770; baseline -0.004 -12"><span class='ocrx_word' id='word_1_161' title='bbox 258 2717 287 2758; x_wconf 77' lang='lat' dir='ltr'>aa</span> <span class='ocrx_word' id='word_1_162' title='bbox 367 2698 528 2755; x_wconf 91' lang='lat' dir='ltr'>Auditor.</span> <span class='ocrx_word' id='word_1_163' title='bbox 558 2698 699 2770; x_wconf 87' lang='lat' dir='ltr'>Egregie,</span> <span class='ocrx_word' id='word_1_164' title='bbox 729 2702 761 2754; x_wconf 93' lang='lat' dir='ltr'>ut</span> <span class='ocrx_word' id='word_1_165' title='bbox 784 2697 962 2769; x_wconf 89' lang='lat' dir='ltr'>agitantibus</span> <span class='ocrx_word' id='word_1_166' title='bbox 985 2697 1053 2756; x_wconf 85' lang='lat' dir='ltr'>fatis</span> <span class='ocrx_word' id='word_1_167' title='bbox 1077 2695 1231 2769; x_wconf 87' lang='lat' dir='ltr'>aliquando</span> 
     </span>
     <span class='ocr_line' id='line_1_27' title="bbox 322 2791 1233 2866; baseline -0.003 -16"><span class='ocrx_word' id='word_1_168' title='bbox 322 2793 553 2866; x_wconf 89' lang='lat' dir='ltr'>Templariorum</span> <span class='ocrx_word' id='word_1_169' title='bbox 576 2796 733 2864; x_wconf 92' lang='lat' dir='ltr'>sequantur</span> <span class='ocrx_word' id='word_1_170' title='bbox 755 2791 887 2863; x_wconf 89' lang='lat' dir='ltr'>vestigia.</span> <span class='ocrx_word' id='word_1_171' title='bbox 912 2791 970 2849; x_wconf 87' lang='lat' dir='ltr'>Sed</span> <span class='ocrx_word' id='word_1_172' title='bbox 994 2791 1062 2864; x_wconf 90' lang='lat' dir='ltr'>quid</span> <span class='ocrx_word' id='word_1_173' title='bbox 1077 2791 1233 2862; x_wconf 89' lang='lat' dir='ltr'>Lipsenses</span> 
     </span>
     <span class='ocr_line' id='line_1_28' title="bbox 322 2883 478 2946; baseline -0.019 -1"><span class='ocrx_word' id='word_1_174' title='bbox 322 2883 478 2946; x_wconf 80' lang='lat' dir='ltr'>movebat?</span> 
     </span>
     <span class='ocr_line' id='line_1_29' title="bbox 364 2975 1232 3060; baseline -0.006 -20"><span class='ocrx_word' id='word_1_175' title='bbox 364 2982 508 3040; x_wconf 84' lang='lat' dir='ltr'>Eokius.</span> <span class='ocrx_word' id='word_1_176' title='bbox 533 2976 596 3038; x_wconf 83' lang='grc' dir='ltr'>Καὶ</span> <span class='ocrx_word' id='word_1_177' title='bbox 617 2976 766 3060; x_wconf 80' lang='grc' dir='ltr'><strong><em>κεραμεὺς</em></strong></span> <span class='ocrx_word' id='word_1_178' title='bbox 781 2985 912 3059; x_wconf 72' lang='grc' dir='ltr'><strong><em>κεραμεῖ</em></strong></span> <span class='ocrx_word' id='word_1_179' title='bbox 925 2978 1025 3038; x_wconf 80' lang='grc' dir='ltr'><strong><em>κοτέει</em></strong></span> <span class='ocrx_word' id='word_1_180' title='bbox 1041 2975 1101 3048; x_wconf 75' lang='grc' dir='ltr'>κοιὶΙ</span> <span class='ocrx_word' id='word_1_181' title='bbox 1111 2977 1232 3037; x_wconf 79' lang='grc' dir='ltr'><strong><em>τέκτονι</em></strong></span> 
     </span>
     <span class='ocr_line' id='line_1_30' title="bbox 872 3071 997 3143; baseline 0.024 -13"><span class='ocrx_word' id='word_1_182' title='bbox 872 3071 997 3143; x_wconf 80' lang='grc' dir='ltr'><strong><em>τέκτων,</em></strong></span> 
     </span>
     <span class='ocr_line' id='line_1_31' title="bbox 257 3160 1231 3246; baseline -0.006 -14"><span class='ocrx_word' id='word_1_183' title='bbox 257 3189 286 3232; x_wconf 87' lang='lat' dir='ltr'>ao</span> <span class='ocrx_word' id='word_1_184' title='bbox 412 3167 475 3230; x_wconf 83' lang='grc' dir='ltr'>Καὶ</span> <span class='ocrx_word' id='word_1_185' title='bbox 490 3165 617 3246; x_wconf 85' lang='grc' dir='ltr'><strong><em>πτωχὸς</em></strong></span> <span class='ocrx_word' id='word_1_186' title='bbox 631 3165 749 3246; x_wconf 81' lang='grc' dir='ltr'><strong><em>πτωχῷ</em></strong></span> <span class='ocrx_word' id='word_1_187' title='bbox 766 3166 902 3246; x_wconf 64' lang='grc' dir='ltr'><strong><em>φθονέει</em></strong></span> <span class='ocrx_word' id='word_1_188' title='bbox 918 3167 971 3225; x_wconf 82' lang='grc' dir='ltr'>καὶ</span> <span class='ocrx_word' id='word_1_189' title='bbox 993 3161 1105 3234; x_wconf 79' lang='grc' dir='ltr'><strong><em>οἶοιδὸς</em></strong></span> <span class='ocrx_word' id='word_1_190' title='bbox 1120 3160 1231 3245; x_wconf 75' lang='grc' dir='ltr'><strong><em>οἷοιδῷ.</em></strong></span> 
     </span>
     <span class='ocr_line' id='line_1_32' title="bbox 365 3267 1231 3342; baseline -0.009 -9"><span class='ocrx_word' id='word_1_191' title='bbox 365 3275 528 3333; x_wconf 87' lang='lat' dir='ltr'>Auditor.</span> <span class='ocrx_word' id='word_1_192' title='bbox 554 3273 630 3330; x_wconf 90' lang='lat' dir='ltr'>Num</span> <span class='ocrx_word' id='word_1_193' title='bbox 646 3278 743 3329; x_wconf 91' lang='lat' dir='ltr'>tantos</span> <span class='ocrx_word' id='word_1_194' title='bbox 760 3279 858 3342; x_wconf 89' lang='lat' dir='ltr'>patres</span> <span class='ocrx_word' id='word_1_195' title='bbox 871 3271 981 3327; x_wconf 85' lang='lat' dir='ltr'>invidia</span> <span class='ocrx_word' id='word_1_196' title='bbox 993 3287 1105 3342; x_wconf 85' lang='lat' dir='ltr'>quoque</span> <span class='ocrx_word' id='word_1_197' title='bbox 1117 3267 1231 3342; x_wconf 79' lang='lat' dir='ltr'>tangit?</span> 
     </span>
    </p>
   </div>
   <div class='ocr_carea' id='block_1_10' title="bbox 301 3449 1231 3595">
    <p class='ocr_par' dir='ltr' id='par_1_12' title="bbox 301 3449 1231 3595">
     <span class='ocr_line' id='line_1_33' title="bbox 326 3449 690 3504; baseline -0.005 0"><span class='ocrx_word' id='word_1_198' title='bbox 326 3451 349 3484; x_wconf 83' lang='lat'>¹³</span> <span class='ocrx_word' id='word_1_199' title='bbox 366 3451 441 3504; x_wconf 88' lang='lat' dir='ltr'>Laus</span> <span class='ocrx_word' id='word_1_200' title='bbox 459 3449 690 3504; x_wconf 89' lang='lat' dir='ltr'>Praedicatorum.</span> 
     </span>
     <span class='ocr_line' id='line_1_34' title="bbox 301 3521 1231 3595; baseline -0.008 -12"><span class='ocrx_word' id='word_1_201' title='bbox 301 3526 323 3561; x_wconf 76' lang='lat'>²⁸</span> <span class='ocrx_word' id='word_1_202' title='bbox 335 3529 352 3560; x_wconf 75' lang='lat'>“-</span> <span class='ocrx_word' id='word_1_203' title='bbox 370 3529 409 3582; x_wconf 81' lang='lat' dir='ltr'>Et</span> <span class='ocrx_word' id='word_1_204' title='bbox 431 3526 532 3595; x_wconf 83' lang='lat' dir='ltr'>figulus</span> <span class='ocrx_word' id='word_1_205' title='bbox 555 3526 640 3595; x_wconf 89' lang='lat' dir='ltr'>figulo</span> <span class='ocrx_word' id='word_1_206' title='bbox 663 3523 792 3579; x_wconf 86' lang='lat' dir='ltr'>irascitur</span> <span class='ocrx_word' id='word_1_207' title='bbox 810 3528 838 3576; x_wconf 91' lang='lat' dir='ltr'>et</span> <span class='ocrx_word' id='word_1_208' title='bbox 856 3521 934 3576; x_wconf 86' lang='lat' dir='ltr'>fabro</span> <span class='ocrx_word' id='word_1_209' title='bbox 947 3521 1031 3590; x_wconf 85' lang='lat' dir='ltr'>faber,</span> <span class='ocrx_word' id='word_1_210' title='bbox 1051 3527 1080 3576; x_wconf 88' lang='lat' dir='ltr'>et</span> <span class='ocrx_word' id='word_1_211' title='bbox 1091 3521 1231 3576; x_wconf 87' lang='lat' dir='ltr'>mendicus</span> 
     </span>
    </p>
   </div>
   <div class='ocr_carea' id='block_1_11' title="bbox 258 3604 775 3671">
    <p class='ocr_par' dir='ltr' id='par_1_13' title="bbox 258 3604 775 3671">
     <span class='ocr_line' id='line_1_35' title="bbox 258 3604 775 3671; baseline -0.012 -12"><span class='ocrx_word' id='word_1_212' title='bbox 258 3605 381 3659; x_wconf 87' lang='lat' dir='ltr'>mendico</span> <span class='ocrx_word' id='word_1_213' title='bbox 399 3604 506 3658; x_wconf 88' lang='lat' dir='ltr'>invidet</span> <span class='ocrx_word' id='word_1_214' title='bbox 525 3609 553 3656; x_wconf 88' lang='lat' dir='ltr'>et</span> <span class='ocrx_word' id='word_1_215' title='bbox 570 3607 652 3671; x_wconf 89' lang='lat' dir='ltr'>poeta</span> <span class='ocrx_word' id='word_1_216' title='bbox 671 3606 775 3668; x_wconf 88' lang='lat' dir='ltr'>poetae.</span> 
     </span>
    </p>
   </div>
   <div class='ocr_carea' id='block_1_12' title="bbox 0 0 1392 4152">
    <p class='ocr_par' dir='ltr' id='par_1_14' title="bbox 0 0 1392 4152">
     <span class='ocr_line' id='line_1_36' title="bbox 0 0 1392 4152; baseline 0 0"><span class='ocrx_word' id='word_1_217' title='bbox 0 0 1392 4152; x_wconf 95' lang='lat' dir='ltr'> </span> 
     </span>
    </p>
   </div>
  </div>
 </body>
</html>
