2774 4152
495 241 604 287 ucnrvs
626 241 817 287 uuuoclrvs
1108 237 1142 293 l'l

230 421 342 492 peritus
358 417 491 476 habetur.
516 418 575 476 Sed
590 436 658 476 num
673 424 705 475 tu
720 418 844 490 pedibus
860 420 916 478 huc
931 423 1089 493 pervenisti
1105 440 1143 481 arr

232 519 348 572 vectore
372 514 467 586 aliquo
490 530 544 570 usa
567 509 617 570 es?

277 625 433 682 Canidia.
459 625 594 682 Vectore.

276 736 424 794 Rubeua
448 736 489 792 At
511 735 562 793 ubi
585 737 731 794 hominem
753 736 904 808 reliquisti,
929 743 980 795 aut
1002 745 1072 811 quot
1094 740 1142 798 ille

197 851 212 892 5
234 832 356 889 adduxit
378 847 476 903 equos
500 835 533 887 ut
554 847 608 887 nos
631 847 744 902 quoque
766 837 863 888 tecum
885 831 1025 890 revehat?

276 943 433 1000 Canidia.
458 942 559 1014 Neque
582 941 618 999 ab
634 941 751 1000 homine
767 948 818 1000 aut
834 944 913 1015 equis
930 944 1053 1003 advecta
1068 963 1141 1003 sum.

274 1063 425 1121 Rubeus.
450 1061 526 1132 Quid
543 1059 607 1120 ais?
630 1062 768 1135 Nunquid
782 1063 908 1122 Daedali
923 1065 1016 1122 instar
1031 1066 1143 1124 alarum

231 1175 285 1217 usa
308 1175 339 1216 es
362 1154 506 1230 remigio?

276 1270 435 1329 Canidia.
459 1270 499 1327 Et
514 1285 550 1326 ne
566 1269 637 1326 illud
653 1269 781 1341 quidem,
799 1270 852 1328 sed
866 1288 979 1328 mecum
994 1273 1142 1331 civitatem

167 1377 253 1432 [aequ]
283 1364 454 1437 egredimini
477 1380 512 1421 ac
539 1362 621 1421 vobis
649 1362 767 1420 ubinam
789 1369 937 1423 vectorem
957 1362 960 1446 l
981 1383 1076 1424 meum
1099 1385 1143 1426 re-

233 1459 364 1532 liquerim
387 1458 553 1516 ostendero.

278 1561 427 1619 Rubeus.
452 1561 467 1618 I
488 1577 569 1633 prae,
595 1577 756 1632 sequemur.
781 1593 823 1601 —

279 1673 436 1731 Canidia.
461 1673 508 1730 En
530 1677 687 1730 vectorem.

277 1785 427 1842 Rubeus.
453 1783 529 1854 Quid
552 1784 604 1852 ais,
629 1781 778 1841 venefica?
801 1784 877 1842 Num
894 1802 999 1844 vervex
1014 1787 1062 1845 ille
1077 1786 1142 1845 feti·

183 1901 212 1942 15
235 1880 287 1938 dus
311 1884 341 1937 et
363 1878 437 1936 male
461 1879 542 1936 olens
565 1883 594 1935 te
617 1875 755 1936 advexit?

276 1990 435 2049 Canidia.
460 1989 501 2046 Et
523 1989 643 2046 revehet
659 2006 781 2062 queque.
806 1989 896 2048 Proin
919 1991 943 2048 si
963 2009 1075 2050 mecum
1096 2010 1142 2051 ve·

232 2087 295 2144 nire
318 2086 399 2154 libet,
423 2083 598 2142 festinanter
620 2084 754 2142 ascende.

274 2197 427 2255 Rubeus.
451 2195 554 2268 Egone
577 2201 637 2252 tam
661 2195 786 2253 olentem
805 2195 918 2253 hircum
933 2196 1142 2256 ascenderem?

276 2308 437 2366 Canidia.
462 2308 501 2364 Vt
523 2307 608 2379 libet3
632 2308 662 2364 ni
685 2307 761 2364 enim
783 2313 815 2363 tu
838 2308 989 2377 ascendas,
1012 2309 1071 2366 iam
1087 2326 1141 2382 ego

179 2425 210 2466 aa
233 2403 316 2462 abeo.

276 2505 426 2562 Rubeus.
451 2504 492 2560 At
514 2502 564 2561 ubi
586 2502 716 2560 medicus
739 2501 921 2562 remanebit?

277 2615 435 2673 Canidia.
461 2613 492 2671 si
514 2613 619 2686 placet,
642 2611 775 2671 manibus
792 2612 932 2672 ambabus
948 2614 1061 2672 bestiae
1077 2631 1144 2673 cau·

234 2712 300 2769 dam
323 2708 532 2782 apprehendat.

275 2820 428 2879 Rubeus.
446 2820 504 2878 Pro
521 2820 606 2877 deum
622 2824 708 2892 atque
724 2819 872 2877 hominum
883 2819 980 2889 fidem,
997 2821 1053 2877 nisi
1066 2822 1143 2878 enim

180 2937 210 2979 25
234 2917 362 2974 Keekius
384 2920 486 2972 noster
507 2915 538 2971 in
560 2919 642 2971 tanto
667 2914 832 2972 discrimine
856 2915 1031 2972 constitutus
1055 2921 1141 2985 essct,

232 3027 377 3083 nunquam
392 3010 520 3082 periculo
536 3013 620 3066 tanto
635 3025 681 3066 me
698 3025 881 3081 exponerem.
906 3008 965 3066 Sed
975 3009 1144 3082 priusquam

233 3104 401 3173 ascendam,
430 3104 501 3161 illud
529 3102 631 3161 effare:
666 3108 747 3161 estne
776 3103 823 3162 hic
845 3103 1023 3161 Emseranus
1051 3104 1145 3175 capri-

234 3196 358 3258 cornus?

276 3309 435 3368 Canidia.
460 3309 590 3378 Minime,
616 3309 668 3367 sed
689 3308 783 3368 frater
804 3309 953 3382 patruelis.

179 3449 210 3492 ae
276 3429 427 3488 Rubeus
453 3429 553 3486 Placet
569 3445 667 3500 omen,
690 3445 758 3486 nam
774 3446 838 3486 cum
853 3428 900 3486 ille
916 3432 1017 3486 noster
1032 3429 1079 3498 sit,
1096 3429 1144 3486 hic

232 3541 302 3582 vcro
318 3525 394 3581 illius
416 3524 656 3595 consanguineus
680 3523 739 3580 iam
754 3521 845 3580 ferme
862 3522 1014 3580 dimidium
1029 3523 1144 3580 timeris

233 3619 375 3677 abiecisse
397 3618 508 3676 videor.
539 3617 597 3676 Sed
620 3617 756 3690 quidnam
784 3633 870 3689 agere
900 3622 1016 3689 eportet
1040 3617 1141 3675 edoce.

210 3725 251 3757 aar.
263 3725 442 3758 thtcrnturdculrm.
453 3723 468 3756 2
971 3716 988 3766 2
