2774 4152
531 190 643 235 acrius
665 189 857 236 oaoouarvs
1137 179 1174 236 41

243 383 345 424 versus
368 365 465 436 fuero,
494 367 580 439 plane
608 365 801 436 satisfaciam,
835 366 950 425 etiamsi
977 365 1105 439 capellus
1131 366 1180 424 ille

244 460 363 530 rubeuS,
387 477 470 533 quem
492 461 643 519 adlaturus
667 479 738 531 sum,
764 461 1001 534 oppignorandus
1025 461 1071 518 sit.

290 553 494 627 Chirurgus.
522 555 624 626 Facis,
647 561 681 613 ut
703 561 732 614 te
759 556 858 628 decet3
888 556 940 614 sed
966 555 1095 628 nunquid
1122 555 1181 612 alia

244 647 378 708 restant?

287 744 430 801 Eckius.
459 743 594 813 Minime,
622 745 679 802 nisi
701 744 780 818 quod
805 743 897 802 ferme
925 743 1032 801 oblitus
1055 741 1178 814 fueram,

212 843 276 900 sut
301 837 464 896 Louanium
487 839 642 912 aliquando
664 838 862 912 proficiscaris
886 843 973 912 atque
995 836 1105 895 ibidem
1120 853 1179 895 ma·

244 934 344 1006 gistris
366 933 476 991 nostris
505 950 556 991 seu
583 934 681 1007 potius
710 933 879 1007 stuporibus
905 933 962 990 illis
986 932 1105 1005 egregia
1126 937 1178 990 tua

242 1027 410 1086 medicandi
438 1032 502 1086 arte
529 1044 696 1101 succurras3
731 1045 798 1086 nam
831 1028 861 1086 hi
888 1044 959 1100 prae
990 1027 1096 1085 ceteris
1129 1027 1180 1084 illa

243 1123 384 1195 indigent.

286 1226 490 1299 Chirurgus.
520 1225 588 1283 Fiet
618 1225 742 1284 forsitan
775 1225 927 1299 obiterque
957 1223 1108 1283 Coloniam
1136 1230 1177 1282 at·

197 1341 227 1384 ro
243 1322 362 1394 tingam.

286 1423 431 1482 Eckius.
455 1423 527 1482 Vale
554 1423 656 1497 igitur,
692 1424 826 1497 chirurgo
854 1423 976 1495 optime,
1009 1439 1077 1481 nam
1104 1428 1177 1481 stre·

242 1535 330 1576 uuam
352 1519 467 1576 navasti
490 1535 618 1590 operam.
642 1518 683 1575 Et
705 1524 746 1587 tu,
770 1517 880 1587 Rubee,
904 1519 977 1576 vale.
1002 1518 1025 1587 1,
1049 1534 1130 1590 puer,
1148 1523 1179 1575 et

243 1613 396 1672 Canidiam
418 1629 499 1684 voca,
523 1618 557 1670 ut
578 1613 643 1670 illos
666 1613 796 1670 revehat.

285 1725 435 1784 Rnheus.
460 1726 518 1784 Per
540 1726 625 1784 deum
648 1724 900 1806 mediumfidium,
926 1742 979 1798 ego
996 1742 1054 1783 non
1073 1725 1176 1784 vellem

198 1840 227 1883 15
242 1822 378 1894 accipere
406 1821 507 1879 decern
532 1819 674 1890 florenos,
710 1820 787 1893 quod
821 1838 875 1893 ego
909 1820 1012 1878 vellem
1045 1821 1176 1893 equitare

242 1931 331 1988 supra
353 1916 404 1974 illa
425 1915 583 1974 maledicta
596 1915 706 1988 bestia3
732 1931 785 1987 ego
809 1916 874 1974 volo
897 1916 995 1988 potius
1017 1931 1071 1987 per
1084 1916 1175 1987 pedes

242 2009 333 2068 abire.

283 2113 426 2172 Eckius.
451 2113 518 2172 Non
541 2115 626 2172 decet
648 2114 737 2172 talem
759 2114 853 2171 virum
874 2112 999 2186 pedibus
1015 2113 1172 2172 ambulare.

283 2226 436 2284 Rubeus.
460 2226 525 2299 Ego
548 2243 608 2284 non
630 2226 790 2286 ascendere
813 2226 935 2300 amphus
962 2243 1016 2286 nec
1038 2226 1174 2286 Emsera-

195 2331 284 2388 [Diijb]
312 2339 381 2378 num
405 2321 615 2393 capricornum,
645 2321 670 2378 si
690 2321 821 2392 adesset,
833 2315 836 2401 i
850 2322 918 2394 quia
933 2323 1075 2392 timerem,
1096 2323 1174 2395 quod

241 2416 338 2475 omnia
360 2415 586 2487 permcrdarcm.

281 2519 427 2577 Eckius.
453 2518 514 2576 Tuo
538 2518 691 2577 arbitratu.
716 2518 826 2576 Iterum
849 2536 918 2592 ergo
942 2519 1045 2578 valete.

283 2621 488 2695 Chirurgus
515 2622 559 2679 Tu
591 2639 719 2695 quoque,
753 2622 828 2680 Echi
856 2622 1006 2694 dedolate,
1041 2623 1104 2682 vale
1139 2641 1173 2682 ac

238 2717 413 2786 memineris
438 2721 471 2773 ιιι
493 2717 561 2774 dein
583 2717 620 2774 ab
636 2717 748 2774 artibus
764 2717 821 2774 tuis
845 2721 999 2790 temperes,
1024 2718 1050 2774 si
1072 2719 1174 2776 saltem

193 2832 223 2874 25
240 2812 446 2870 canonicorum
467 2811 652 2869 indoctorum
674 2810 767 2870 fustes
790 2811 916 2884 effugere
940 2812 1100 2870 desideras.
1132 2847 1174 2855 ›-

282 2923 427 2981 Chorus
451 2922 475 2981 Ο
503 2923 590 2980 stulte
619 2923 753 2996 chirurgo
782 2929 811 2981 et
833 2922 918 2995 longe
945 2923 1061 2982 fabulae
1088 2925 1173 2984 huius

238 3017 381 3091 scriptore
404 3017 552 3075 stolidior!
576 3017 628 3076 Ille
651 3018 728 3075 enirn
749 3018 865 3090 ineptus
892 3018 979 3075 homo
1002 3018 1100 3090 inepte
1123 3037 1173 3078 nu·

236 3118 330 3186 gatur,
353 3112 481 3184 ineptius
503 3128 573 3170 vero
588 3111 719 3170 hominos
734 3111 877 3169 barbaros
892 3111 997 3170 Latine
1013 3118 1051 3181 ct,
1076 3114 1101 3170 si
1117 3114 1173 3172 diis

235 3207 341 3279 piacet,
366 3206 477 3264 Graece
500 3223 704 3278 nonnunquam
726 3206 877 3279 loquentes
900 3206 1070 3277 introducit,
1094 3208 1174 3281 inep-

192 3320 221 3362 eo
236 3301 348 3358 tissime
371 3316 441 3358 vero
464 3301 632 3372 theologum
657 3305 686 3358 et
701 3300 985 3372 praestantissimum
1000 3302 1171 3374 magistrum

234 3399 368 3453 nostrum
391 3411 455 3452 cum
477 3395 594 3452 homine
618 3393 754 3452 carnifice
778 3395 933 3452 committit
960 3411 994 3454 ac
1021 3395 1172 3470 disputare

235 3487 334 3563 fingit,
369 3489 407 3548 ob
435 3505 520 3562 quarn
547 3490 593 3546 vol
619 3489 711 3548 solam
735 3506 852 3547 causam
875 3489 912 3548 ab
935 3491 1092 3550 haereticis
1115 3491 1171 3550 illis

236 3583 495 3644 Praedicatorihus
528 3584 749 3657 inquisitoribus
785 3585 973 3656 inquirendus
1008 3591 1094 3644 esset.
1130 3586 1173 3644 Tu
