2774 4152
485 219 596 265 ECKIVS
619 217 809 264 nunonATVS.

266 395 411 453 Eckius.
437 394 528 453 Immo
551 396 667 466 penitus
691 394 868 452 excaecavit.

266 490 427 548 Auditor.
453 489 512 546 Sed
534 489 663 562 nunquid
685 489 764 547 aliud
787 494 817 547 te
839 486 949 547 movit?

265 593 406 651 Eckius.
433 593 550 652 Gloriae
578 594 760 665 appetentia;
790 593 846 650 hoc
867 598 954 665 pacto
982 594 1058 651 enim
1080 610 1134 666 per

223 706 275 746 ora
297 688 425 746 virorum
448 689 601 746 doctorum
623 688 747 745 volitare
771 687 946 760 cogitabam.

186 811 200 853 5
265 791 432 848 Auditor.
457 790 533 848 Num
557 788 656 848 aliud?

265 893 407 951 Eckius.
433 891 585 950 Pontificis
609 893 645 951 ob
670 893 897 951 ecclesiasticam
919 893 1133 965 protectionem

221 988 313 1058 favor,
340 987 385 1045 cui
412 1005 479 1059 spes
502 987 574 1044 lucri
597 987 747 1057 haerebat,
773 1005 837 1044 cum
859 989 964 1045 scirem
978 987 1132 1061 plerosque

221 1101 257 1142 ex
280 1083 381 1141 humili
404 1087 483 1140 sorte
512 1087 541 1139 et
563 1083 648 1155 longe
671 1082 827 1140 virtutibus
850 1083 922 1140 meis
945 1083 1071 1154 impares
1095 1084 1133 1141 ad

221 1177 433 1237 cardinalatum
459 1194 550 1250 usque
578 1181 694 1235 evectos
722 1193 795 1235 esse.
825 1177 901 1247 Quid
923 1178 1012 1249 igitur
1035 1182 1065 1236 et
1086 1195 1132 1236 me

168 1294 197 1336 10
220 1290 333 1347 quoque
357 1289 475 1344 sperare
497 1269 686 1344 prohibebit?

264 1375 427 1434 Auditor.
456 1374 536 1431 Nihil
558 1374 706 1446 profecto,
736 1376 804 1447 quin
833 1380 862 1433 et
885 1392 990 1433 aureos
1017 1381 1131 1434 montes

220 1471 274 1529 tibi
290 1486 357 1542 spes
373 1470 605 1526 sumministrare
620 1470 738 1542 poterit.
756 1469 815 1527 Sed
830 1471 959 1542 nunquid
975 1475 1004 1527 et
1019 1475 1048 1528 te
1064 1488 1132 1543 quo-

220 1583 275 1640 que
298 1564 408 1622 invidia
431 1561 620 1622 stimulabat?

261 1668 402 1726 Eckius.
428 1665 557 1736 Minime,
582 1666 638 1724 nisi
661 1667 739 1739 quod
760 1667 832 1724 mihi
854 1667 933 1724 haud
948 1668 1131 1726 tolerandum

168 1784 196 1826 15
219 1762 387 1830 videbatur,
412 1761 437 1817 si
459 1767 519 1818 tam
541 1761 662 1819 multum
685 1777 703 1818 a
725 1766 785 1818 tam
808 1762 905 1818 multis
928 1761 1058 1820 Martino
1082 1764 1131 1820 tri-

217 1859 365 1920 bueretur,
391 1873 456 1913 cum
478 1872 562 1912 nemo
586 1855 703 1913 interim
725 1855 851 1914 Eckium
873 1857 1016 1914 laudaret.

261 1959 426 2017 Auditor.
451 1957 589 2030 Nunquid
604 1975 674 2016 vero
694 1958 789 2028 times,
812 1975 850 2016 ne
864 1959 1029 2016 inconsulta
1043 1964 1131 2017 teme·

218 2055 291 2110 ritas
317 2054 346 2110 in
369 2053 511 2109 malorum
534 2056 563 2110 tc
586 2068 665 2109 marc
689 2053 844 2124 aliquando
867 2049 1060 2125 praecipitet?

261 2155 402 2212 Eckius.
427 2155 557 2223 Minime,
581 2154 724 2226 siquidem
747 2155 887 2212 audentes
910 2157 1029 2213 fortuna
1050 2157 1132 2215 iuvat

165 2271 196 2313 ao
218 2250 394 2322 timidosque
417 2249 546 2321 repellit:
570 2251 612 2306 sic
634 2249 695 2306 itur
717 2249 755 2306 ad
778 2255 866 2307 astra.

264 2353 426 2410 Auditor.
450 2351 688 2431 Συκοφαντίαις
709 2369 746 2409 ne
769 2358 799 2411 et
826 2351 984 2411 conviciis?

262 2456 406 2514 Eclrius.
431 2456 575 2528 Maxime3
600 2456 669 2528 quid
685 2457 761 2512 enim
783 2455 863 2513 aliud
886 2473 971 2529 quarn
987 2463 1132 2516 contume-

218 2552 277 2609 liae
302 2555 331 2609 et
353 2551 447 2608 malae
470 2555 549 2608 artes
567 2550 755 2609 Colonienses
779 2551 932 2624 theologos
957 2569 1021 2609 cum
1043 2553 1132 2611 tribu·

217 2645 294 2703 libus
311 2645 370 2702 suis
386 2644 516 2702 famosos
532 2642 709 2702 reddidere?
732 2644 779 2703 Ex
795 2645 898 2718 quibus
914 2648 1054 2718 perpauci
1069 2649 1132 2706 noti

165 2760 195 2801 25
217 2740 354 2809 fuissent,
384 2741 440 2796 nisi
463 2745 522 2797 tam
545 2739 676 2798 furenter
702 2741 733 2797 in
756 2740 934 2812 Capnionem
957 2742 1130 2800 debacchati

219 2839 326 2892 essent.

263 2937 425 2994 Auditor.
445 2936 562 2994 Habeo:
581 2937 823 3010 quemadmodum
838 2955 893 2996 nec
909 2939 1065 3010 sacrilegus
1082 2939 1129 2998 ille

217 3031 364 3104 Ephesius
388 3031 596 3100 nominaretur,
621 3033 646 3089 si
668 3031 807 3104 templum
830 3037 923 3090 staret
943 3031 1066 3090 Dianae.

259 3125 403 3184 Echius,
428 3126 520 3183 Recte
533 3127 662 3198 quidem;
686 3127 803 3184 minime
819 3127 909 3199 igitur
920 3129 950 3184 in
965 3127 1129 3186 hominibus

166 3240 194 3282 ao
218 3221 307 3278 sortis
325 3220 457 3278 abiectae
475 3222 616 3294 genuinus
645 3220 777 3294 figendus
794 3227 852 3291 ost,
878 3221 975 3278 sedin
991 3223 1131 3294 optimum

218 3331 359 3388 quemque
381 3315 480 3388 lingua
503 3315 643 3373 acuenda.

261 3417 425 3474 Auditor.
449 3417 585 3490 Egregie.

261 3511 405 3570 Eckius.
430 3512 506 3582 Quin
529 3512 694 3570 etErasmo
717 3529 810 3584 nuper
832 3517 995 3571 erratasua
1015 3515 1130 3573 ostendi

215 3605 269 3664 sub
292 3605 514 3664 benevolentiae
536 3612 699 3679 praetextu.
