<?xml version="1.0" encoding="UTF-8"?>
<!DOCTYPE html PUBLIC "-//W3C//DTD XHTML 1.0 Transitional//EN"
    "http://www.w3.org/TR/xhtml1/DTD/xhtml1-transitional.dtd">
<html xmlns="http://www.w3.org/1999/xhtml" xml:lang="en" lang="en">
 <head>
  <title>
</title>
<meta http-equiv="Content-Type" content="text/html;charset=utf-8" />
  <meta name='ocr-system' content='tesseract 3.04.00' />
  <meta name='ocr-capabilities' content='ocr_page ocr_carea ocr_par ocr_line ocrx_word'/>
</head>
<body>
  <div class='ocr_page' id='page_1' title='image "./eckivsdedolatvs01cottgoog_0056.png"; bbox 0 0 2774 4152; ppageno 0'>
   <div class='ocr_carea' id='block_1_1' title="bbox 477 245 1128 301">
    <p class='ocr_par' dir='ltr' id='par_1_1' title="bbox 477 245 1128 301">
     <span class='ocr_line' id='line_1_1' title="bbox 477 245 1128 301; baseline 0.008 -5"><span class='ocrx_word' id='word_1_1' title='bbox 477 251 592 296; x_wconf 77' lang='lat' dir='ltr'>neurus</span> <span class='ocrx_word' id='word_1_2' title='bbox 614 251 804 297; x_wconf 72' lang='lat' dir='ltr'>annonaria.</span> <span class='ocrx_word' id='word_1_3' title='bbox 1094 245 1128 301; x_wconf 83' lang='lat'>31</span> 
     </span>
    </p>
   </div>
   <div class='ocr_carea' id='block_1_2' title="bbox 200 427 1134 689">
    <p class='ocr_par' dir='ltr' id='par_1_2' title="bbox 200 427 1134 689">
     <span class='ocr_line' id='line_1_2' title="bbox 200 427 1132 500; baseline 0.003 -16"><span class='ocrx_word' id='word_1_4' title='bbox 200 428 276 496; x_wconf 90' lang='lat' dir='ltr'>dam,</span> <span class='ocrx_word' id='word_1_5' title='bbox 301 427 349 500; x_wconf 90' lang='lat' dir='ltr'>qui</span> <span class='ocrx_word' id='word_1_6' title='bbox 364 427 488 498; x_wconf 82' lang='lat' dir='ltr'><strong>resipuit</strong></span> <span class='ocrx_word' id='word_1_7' title='bbox 502 427 533 483; x_wconf 93' lang='lat' dir='ltr'>in</span> <span class='ocrx_word' id='word_1_8' title='bbox 548 431 688 498; x_wconf 91' lang='lat' dir='ltr'>tempore,</span> <span class='ocrx_word' id='word_1_9' title='bbox 713 427 765 485; x_wconf 91' lang='lat' dir='ltr'>sub</span> <span class='ocrx_word' id='word_1_10' title='bbox 782 428 920 486; x_wconf 89' lang='lat' dir='ltr'>Momidis</span> <span class='ocrx_word' id='word_1_11' title='bbox 938 428 1132 500; x_wconf 85' lang='lat' dir='ltr'>Cannelitam,</span> 
     </span>
     <span class='ocr_line' id='line_1_3' title="bbox 200 520 1134 594; baseline 0.003 -15"><span class='ocrx_word' id='word_1_12' title='bbox 200 520 253 579; x_wconf 91' lang='lat' dir='ltr'>sub</span> <span class='ocrx_word' id='word_1_13' title='bbox 266 521 417 578; x_wconf 85' lang='lat' dir='ltr'>Vertumni</span> <span class='ocrx_word' id='word_1_14' title='bbox 429 520 583 578; x_wconf 84' lang='lat' dir='ltr'>Nicolaum</span> <span class='ocrx_word' id='word_1_15' title='bbox 595 521 782 594; x_wconf 88' lang='lat' dir='ltr'>aMontibus‚</span> <span class='ocrx_word' id='word_1_16' title='bbox 796 522 848 579; x_wconf 92' lang='lat' dir='ltr'>sub</span> <span class='ocrx_word' id='word_1_17' title='bbox 859 523 1033 581; x_wconf 92' lang='lat' dir='ltr'>Phthonidis</span> <span class='ocrx_word' id='word_1_18' title='bbox 1042 524 1134 582; x_wconf 89' lang='lat' dir='ltr'>Leum</span> 
     </span>
     <span class='ocr_line' id='line_1_4' title="bbox 200 614 809 689; baseline -0.003 -15"><span class='ocrx_word' id='word_1_19' title='bbox 200 616 334 689; x_wconf 80' lang='lat' dir='ltr'>Anglum,</span> <span class='ocrx_word' id='word_1_20' title='bbox 359 614 411 672; x_wconf 91' lang='lat' dir='ltr'>sub</span> <span class='ocrx_word' id='word_1_21' title='bbox 436 615 519 674; x_wconf 89' lang='lat' dir='ltr'>Grilli</span> <span class='ocrx_word' id='word_1_22' title='bbox 541 615 696 673; x_wconf 89' lang='lat' dir='ltr'>Latomum</span> <span class='ocrx_word' id='word_1_23' title='bbox 718 621 809 674; x_wconf 86' lang='lat' dir='ltr'>taxat.</span> 
     </span>
    </p>
   </div>
   <div class='ocr_carea' id='block_1_3' title="bbox 171 727 1134 1070">
    <p class='ocr_par' dir='ltr' id='par_1_3' title="bbox 244 727 1133 800">
     <span class='ocr_line' id='line_1_5' title="bbox 244 727 1133 800; baseline 0.003 -15"><span class='ocrx_word' id='word_1_24' title='bbox 244 728 407 785; x_wconf 85' lang='lat' dir='ltr'><strong>Auditor.</strong></span> <span class='ocrx_word' id='word_1_25' title='bbox 442 727 483 785; x_wconf 88' lang='lat' dir='ltr'>Et</span> <span class='ocrx_word' id='word_1_26' title='bbox 510 727 567 785; x_wconf 89' lang='lat' dir='ltr'>hoc</span> <span class='ocrx_word' id='word_1_27' title='bbox 594 733 651 797; x_wconf 89' lang='lat' dir='ltr'>est,</span> <span class='ocrx_word' id='word_1_28' title='bbox 681 728 759 800; x_wconf 86' lang='lat' dir='ltr'>quod</span> <span class='ocrx_word' id='word_1_29' title='bbox 782 727 915 786; x_wconf 85' lang='lat' dir='ltr'>dicebam</span> <span class='ocrx_word' id='word_1_30' title='bbox 941 746 993 787; x_wconf 89' lang='lat' dir='ltr'>vos</span> <span class='ocrx_word' id='word_1_31' title='bbox 1021 731 1133 788; x_wconf 85' lang='lat' dir='ltr'>artibus</span> 
     </span>
    </p>

    <p class='ocr_par' dir='ltr' id='par_1_4' title="bbox 171 822 1134 896">
     <span class='ocr_line' id='line_1_6' title="bbox 171 822 1134 896; baseline -0.002 -12"><span class='ocrx_word' id='word_1_32' title='bbox 171 823 307 885; x_wconf 80' lang='lat' dir='ltr'>svestris</span> <span class='ocrx_word' id='word_1_33' title='bbox 327 823 438 894; x_wconf 82' lang='lat' dir='ltr'>perire;</span> <span class='ocrx_word' id='word_1_34' title='bbox 466 823 535 895; x_wconf 84' lang='lat' dir='ltr'>quin</span> <span class='ocrx_word' id='word_1_35' title='bbox 559 823 615 879; x_wconf 93' lang='lat' dir='ltr'>nisi</span> <span class='ocrx_word' id='word_1_36' title='bbox 638 823 736 894; x_wconf 88' lang='lat' dir='ltr'>potius</span> <span class='ocrx_word' id='word_1_37' title='bbox 759 822 892 880; x_wconf 86' lang='lat' dir='ltr'>bonitate</span> <span class='ocrx_word' id='word_1_38' title='bbox 915 840 1000 896; x_wconf 89' lang='lat' dir='ltr'>quarn</span> <span class='ocrx_word' id='word_1_39' title='bbox 1022 825 1134 882; x_wconf 88' lang='lat' dir='ltr'>malitia</span> 
     </span>
    </p>

    <p class='ocr_par' dir='ltr' id='par_1_5' title="bbox 201 917 1133 1070">
     <span class='ocr_line' id='line_1_7' title="bbox 201 917 1133 990; baseline 0.001 -15"><span class='ocrx_word' id='word_1_40' title='bbox 201 919 368 989; x_wconf 82' lang='lat' dir='ltr'>superiores</span> <span class='ocrx_word' id='word_1_41' title='bbox 394 917 519 974; x_wconf 91' lang='lat' dir='ltr'>evadere</span> <span class='ocrx_word' id='word_1_42' title='bbox 541 918 701 989; x_wconf 86' lang='lat' dir='ltr'>quaeretis,</span> <span class='ocrx_word' id='word_1_43' title='bbox 729 918 900 990; x_wconf 85' lang='lat' dir='ltr'>propediem</span> <span class='ocrx_word' id='word_1_44' title='bbox 923 919 1071 977; x_wconf 84' lang='lat' dir='ltr'>atrociora</span> <span class='ocrx_word' id='word_1_45' title='bbox 1094 920 1133 976; x_wconf 88' lang='lat' dir='ltr'>vi·</span> 
     </span>
     <span class='ocr_line' id='line_1_8' title="bbox 201 1012 317 1070; baseline -0.017 0"><span class='ocrx_word' id='word_1_46' title='bbox 201 1012 317 1070; x_wconf 87' lang='lat' dir='ltr'>debitis.</span> 
     </span>
    </p>
   </div>
   <div class='ocr_carea' id='block_1_4' title="bbox 157 1112 1135 1753">
    <p class='ocr_par' dir='ltr' id='par_1_6' title="bbox 157 1112 1135 1753">
     <span class='ocr_line' id='line_1_9' title="bbox 244 1112 1134 1186; baseline 0.001 -15"><span class='ocrx_word' id='word_1_47' title='bbox 244 1114 389 1172; x_wconf 86' lang='lat' dir='ltr'>Eckius.</span> <span class='ocrx_word' id='word_1_48' title='bbox 415 1112 491 1182; x_wconf 82' lang='lat' dir='ltr'>Quin</span> <span class='ocrx_word' id='word_1_49' title='bbox 512 1130 588 1170; x_wconf 93' lang='lat' dir='ltr'>nunc</span> <span class='ocrx_word' id='word_1_50' title='bbox 604 1113 749 1186; x_wconf 79' lang='lat' dir='ltr'>videmus3</span> <span class='ocrx_word' id='word_1_51' title='bbox 772 1131 831 1171; x_wconf 91' lang='lat' dir='ltr'>non</span> <span class='ocrx_word' id='word_1_52' title='bbox 854 1114 946 1172; x_wconf 89' lang='lat' dir='ltr'>solum</span> <span class='ocrx_word' id='word_1_53' title='bbox 967 1116 1044 1172; x_wconf 89' lang='lat' dir='ltr'>enim</span> <span class='ocrx_word' id='word_1_54' title='bbox 1058 1115 1134 1173; x_wconf 91' lang='lat' dir='ltr'>litte-</span> 
     </span>
     <span class='ocr_line' id='line_1_10' title="bbox 200 1207 1134 1282; baseline 0.001 -15"><span class='ocrx_word' id='word_1_55' title='bbox 200 1211 266 1280; x_wconf 90' lang='lat' dir='ltr'>rati,</span> <span class='ocrx_word' id='word_1_56' title='bbox 292 1209 344 1266; x_wconf 92' lang='lat' dir='ltr'>sed</span> <span class='ocrx_word' id='word_1_57' title='bbox 368 1213 397 1266; x_wconf 90' lang='lat' dir='ltr'>et</span> <span class='ocrx_word' id='word_1_58' title='bbox 419 1207 530 1264; x_wconf 88' lang='lat' dir='ltr'>indocti</span> <span class='ocrx_word' id='word_1_59' title='bbox 552 1224 586 1265; x_wconf 90' lang='lat' dir='ltr'>ac</span> <span class='ocrx_word' id='word_1_60' title='bbox 601 1207 669 1264; x_wconf 91' lang='lat' dir='ltr'>laici</span> <span class='ocrx_word' id='word_1_61' title='bbox 685 1209 801 1280; x_wconf 88' lang='lat' dir='ltr'>scriptis</span> <span class='ocrx_word' id='word_1_62' title='bbox 819 1210 878 1264; x_wconf 91' lang='lat' dir='ltr'>suis</span> <span class='ocrx_word' id='word_1_63' title='bbox 894 1226 947 1266; x_wconf 89' lang='lat' dir='ltr'>nos</span> <span class='ocrx_word' id='word_1_64' title='bbox 963 1210 1134 1282; x_wconf 82' lang='lat' dir='ltr'>impugnare</span> 
     </span>
     <span class='ocr_line' id='line_1_11' title="bbox 157 1301 1135 1374; baseline -0.002 -9"><span class='ocrx_word' id='word_1_65' title='bbox 157 1323 185 1365; x_wconf 89' lang='lat'>10</span> <span class='ocrx_word' id='word_1_66' title='bbox 201 1304 319 1362; x_wconf 88' lang='lat' dir='ltr'>audent.</span> <span class='ocrx_word' id='word_1_67' title='bbox 343 1303 445 1374; x_wconf 83' lang='lat' dir='ltr'>Nuper</span> <span class='ocrx_word' id='word_1_68' title='bbox 461 1303 536 1359; x_wconf 89' lang='lat' dir='ltr'>enim</span> <span class='ocrx_word' id='word_1_69' title='bbox 551 1301 664 1359; x_wconf 90' lang='lat' dir='ltr'>libellus</span> <span class='ocrx_word' id='word_1_70' title='bbox 681 1303 797 1374; x_wconf 91' lang='lat' dir='ltr'>quidam</span> <span class='ocrx_word' id='word_1_71' title='bbox 813 1301 934 1360; x_wconf 87' lang='lat' dir='ltr'>Martini</span> <span class='ocrx_word' id='word_1_72' title='bbox 950 1303 1051 1362; x_wconf 91' lang='lat' dir='ltr'>laudes</span> <span class='ocrx_word' id='word_1_73' title='bbox 1065 1305 1135 1362; x_wconf 89' lang='lat' dir='ltr'>Ger-</span> 
     </span>
     <span class='ocr_line' id='line_1_12' title="bbox 201 1396 1134 1469; baseline 0.001 -13"><span class='ocrx_word' id='word_1_74' title='bbox 201 1399 315 1456; x_wconf 88' lang='lat' dir='ltr'>manica</span> <span class='ocrx_word' id='word_1_75' title='bbox 330 1399 466 1455; x_wconf 82' lang='lat' dir='ltr'>intonans</span> <span class='ocrx_word' id='word_1_76' title='bbox 477 1397 576 1468; x_wconf 86' lang='lat' dir='ltr'>lingua</span> <span class='ocrx_word' id='word_1_77' title='bbox 587 1396 789 1469; x_wconf 82' lang='lat' dir='ltr'>Nurinbergae</span> <span class='ocrx_word' id='word_1_78' title='bbox 803 1398 952 1469; x_wconf 80' lang='lat' dir='ltr'>evrdgatus</span> <span class='ocrx_word' id='word_1_79' title='bbox 965 1404 1019 1456; x_wconf 88' lang='lat' dir='ltr'>est.</span> <span class='ocrx_word' id='word_1_80' title='bbox 1043 1399 1134 1469; x_wconf 80' lang='lat' dir='ltr'>Quem</span> 
     </span>
     <span class='ocr_line' id='line_1_13' title="bbox 202 1490 1134 1565; baseline 0 -15"><span class='ocrx_word' id='word_1_81' title='bbox 202 1510 267 1550; x_wconf 91' lang='lat' dir='ltr'>curn</span> <span class='ocrx_word' id='word_1_82' title='bbox 290 1509 343 1565; x_wconf 85' lang='lat' dir='ltr'>ego</span> <span class='ocrx_word' id='word_1_83' title='bbox 366 1490 482 1564; x_wconf 90' lang='lat' dir='ltr'>publice</span> <span class='ocrx_word' id='word_1_84' title='bbox 506 1491 678 1563; x_wconf 88' lang='lat' dir='ltr'>Ingolstadii</span> <span class='ocrx_word' id='word_1_85' title='bbox 700 1491 830 1550; x_wconf 82' lang='lat' dir='ltr'>Volcano</span> <span class='ocrx_word' id='word_1_86' title='bbox 855 1509 1027 1550; x_wconf 90' lang='lat' dir='ltr'>consecrare</span> <span class='ocrx_word' id='word_1_87' title='bbox 1043 1495 1134 1551; x_wconf 91' lang='lat' dir='ltr'>inten-</span> 
     </span>
     <span class='ocr_line' id='line_1_14' title="bbox 203 1586 1134 1658; baseline 0.001 -14"><span class='ocrx_word' id='word_1_88' title='bbox 203 1588 310 1656; x_wconf 89' lang='lat' dir='ltr'>derem,</span> <span class='ocrx_word' id='word_1_89' title='bbox 324 1604 341 1644; x_wconf 92' lang='lat' dir='ltr'>a</span> <span class='ocrx_word' id='word_1_90' title='bbox 353 1586 566 1644; x_wconf 87' lang='lat' dir='ltr'>scelestissimis</span> <span class='ocrx_word' id='word_1_91' title='bbox 579 1586 697 1658; x_wconf 85' lang='lat' dir='ltr'>collegis</span> <span class='ocrx_word' id='word_1_92' title='bbox 709 1587 781 1643; x_wconf 87' lang='lat' dir='ltr'>meis</span> <span class='ocrx_word' id='word_1_93' title='bbox 794 1587 951 1644; x_wconf 87' lang='lat' dir='ltr'>destitutus</span> <span class='ocrx_word' id='word_1_94' title='bbox 964 1605 1034 1645; x_wconf 92' lang='lat' dir='ltr'>sum.</span> <span class='ocrx_word' id='word_1_95' title='bbox 1053 1588 1134 1658; x_wconf 80' lang='lat' dir='ltr'>Quae</span> 
     </span>
     <span class='ocr_line' id='line_1_15' title="bbox 202 1681 1064 1753; baseline 0 -15"><span class='ocrx_word' id='word_1_96' title='bbox 202 1699 249 1739; x_wconf 92' lang='lat' dir='ltr'>res</span> <span class='ocrx_word' id='word_1_97' title='bbox 271 1699 331 1740; x_wconf 93' lang='lat' dir='ltr'>non</span> <span class='ocrx_word' id='word_1_98' title='bbox 352 1698 455 1753; x_wconf 88' lang='lat' dir='ltr'>parurn</span> <span class='ocrx_word' id='word_1_99' title='bbox 477 1685 662 1752; x_wconf 87' lang='lat' dir='ltr'>praesentem</span> <span class='ocrx_word' id='word_1_100' title='bbox 685 1698 797 1753; x_wconf 90' lang='lat' dir='ltr'>quoque</span> <span class='ocrx_word' id='word_1_101' title='bbox 819 1681 952 1740; x_wconf 90' lang='lat' dir='ltr'>morbum</span> <span class='ocrx_word' id='word_1_102' title='bbox 975 1683 1064 1740; x_wconf 91' lang='lat' dir='ltr'>auxit.</span> 
     </span>
    </p>
   </div>
   <div class='ocr_carea' id='block_1_5' title="bbox 159 1791 1134 1959">
    <p class='ocr_par' dir='ltr' id='par_1_7' title="bbox 159 1791 1134 1959">
     <span class='ocr_line' id='line_1_16' title="bbox 159 1791 1134 1864; baseline -0.002 -10"><span class='ocrx_word' id='word_1_103' title='bbox 159 1813 187 1854; x_wconf 82' lang='lat'>15</span> <span class='ocrx_word' id='word_1_104' title='bbox 244 1792 410 1850; x_wconf 83' lang='lat' dir='ltr'>Auditor.</span> <span class='ocrx_word' id='word_1_105' title='bbox 445 1791 599 1863; x_wconf 88' lang='lat' dir='ltr'>Sapienter</span> <span class='ocrx_word' id='word_1_106' title='bbox 620 1792 686 1850; x_wconf 92' lang='lat' dir='ltr'>illos</span> <span class='ocrx_word' id='word_1_107' title='bbox 720 1792 814 1864; x_wconf 82' lang='lat' dir='ltr'>egisse</span> <span class='ocrx_word' id='word_1_108' title='bbox 845 1793 891 1850; x_wconf 86' lang='lat' dir='ltr'>vel</span> <span class='ocrx_word' id='word_1_109' title='bbox 919 1792 1134 1852; x_wconf 82' lang='lat' dir='ltr'>Coloniensium</span> 
     </span>
     <span class='ocr_line' id='line_1_17' title="bbox 203 1886 637 1959; baseline -0.007 -14"><span class='ocrx_word' id='word_1_110' title='bbox 203 1888 329 1945; x_wconf 89' lang='lat' dir='ltr'>stultitia</span> <span class='ocrx_word' id='word_1_111' title='bbox 352 1886 507 1944; x_wconf 85' lang='lat' dir='ltr'>ostendere</span> <span class='ocrx_word' id='word_1_112' title='bbox 530 1891 637 1959; x_wconf 90' lang='lat' dir='ltr'>potest.</span> 
     </span>
    </p>
   </div>
   <div class='ocr_carea' id='block_1_6' title="bbox 156 1997 1135 2919">
    <p class='ocr_par' dir='ltr' id='par_1_8' title="bbox 200 1997 1135 2260">
     <span class='ocr_line' id='line_1_18' title="bbox 243 1997 1132 2071; baseline 0 -14"><span class='ocrx_word' id='word_1_113' title='bbox 243 1999 386 2057; x_wconf 83' lang='lat' dir='ltr'>Eckius.</span> <span class='ocrx_word' id='word_1_114' title='bbox 411 1997 474 2055; x_wconf 85' lang='lat' dir='ltr'>Nec</span> <span class='ocrx_word' id='word_1_115' title='bbox 497 1999 568 2056; x_wconf 89' lang='lat' dir='ltr'>satis</span> <span class='ocrx_word' id='word_1_116' title='bbox 593 2003 638 2055; x_wconf 87' lang='lat' dir='ltr'>est</span> <span class='ocrx_word' id='word_1_117' title='bbox 658 1999 867 2070; x_wconf 87' lang='lat' dir='ltr'>contempsisse</span> <span class='ocrx_word' id='word_1_118' title='bbox 884 2015 919 2056; x_wconf 90' lang='lat' dir='ltr'>ac</span> <span class='ocrx_word' id='word_1_119' title='bbox 935 1999 1132 2071; x_wconf 87' lang='lat' dir='ltr'>vilipendisse,</span> 
     </span>
     <span class='ocr_line' id='line_1_19' title="bbox 200 2091 1135 2164; baseline -0.001 -13"><span class='ocrx_word' id='word_1_120' title='bbox 200 2095 258 2151; x_wconf 92' lang='lat' dir='ltr'>nisi</span> <span class='ocrx_word' id='word_1_121' title='bbox 286 2095 374 2151; x_wconf 88' lang='lat' dir='ltr'>ctiam</span> <span class='ocrx_word' id='word_1_122' title='bbox 400 2093 577 2164; x_wconf 89' lang='lat' dir='ltr'>turpissimis</span> <span class='ocrx_word' id='word_1_123' title='bbox 605 2109 658 2151; x_wconf 91' lang='lat' dir='ltr'>nos</span> <span class='ocrx_word' id='word_1_124' title='bbox 685 2091 826 2150; x_wconf 83' lang='lat' dir='ltr'>infament</span> <span class='ocrx_word' id='word_1_125' title='bbox 853 2092 1017 2151; x_wconf 92' lang='lat' dir='ltr'>nominibus</span> <span class='ocrx_word' id='word_1_126' title='bbox 1044 2092 1135 2151; x_wconf 89' lang='lat' dir='ltr'>horni-</span> 
     </span>
     <span class='ocr_line' id='line_1_20' title="bbox 200 2186 1135 2260; baseline 0 -14"><span class='ocrx_word' id='word_1_127' title='bbox 200 2206 269 2246; x_wconf 92' lang='lat' dir='ltr'>num</span> <span class='ocrx_word' id='word_1_128' title='bbox 291 2193 437 2260; x_wconf 91' lang='lat' dir='ltr'>portenta,</span> <span class='ocrx_word' id='word_1_129' title='bbox 460 2186 604 2255; x_wconf 88' lang='lat' dir='ltr'>indoctos,</span> <span class='ocrx_word' id='word_1_130' title='bbox 630 2187 774 2256; x_wconf 88' lang='lat' dir='ltr'>caudices,</span> <span class='ocrx_word' id='word_1_131' title='bbox 799 2187 922 2258; x_wconf 88' lang='lat' dir='ltr'>stipites,</span> <span class='ocrx_word' id='word_1_132' title='bbox 938 2186 1051 2258; x_wconf 81' lang='lat' dir='ltr'>barma,</span> <span class='ocrx_word' id='word_1_133' title='bbox 1076 2192 1135 2246; x_wconf 91' lang='lat' dir='ltr'>stu-</span> 
     </span>
    </p>

    <p class='ocr_par' dir='ltr' id='par_1_9' title="bbox 156 2281 1135 2732">
     <span class='ocr_line' id='line_1_21' title="bbox 156 2281 1133 2356; baseline -0.003 -12"><span class='ocrx_word' id='word_1_134' title='bbox 156 2299 299 2356; x_wconf 86' lang='lat' dir='ltr'>aopores,</span> <span class='ocrx_word' id='word_1_135' title='bbox 333 2281 502 2350; x_wconf 89' lang='lat' dir='ltr'>nebulones,</span> <span class='ocrx_word' id='word_1_136' title='bbox 531 2281 736 2353; x_wconf 88' lang='lat' dir='ltr'>sycophantas,</span> <span class='ocrx_word' id='word_1_137' title='bbox 771 2282 963 2353; x_wconf 90' lang='lat' dir='ltr'>impudentes,</span> <span class='ocrx_word' id='word_1_138' title='bbox 998 2283 1133 2354; x_wconf 73' lang='lat' dir='ltr'>lascivoS,</span> 
     </span>
     <span class='ocr_line' id='line_1_22' title="bbox 200 2375 1133 2448; baseline 0 -13"><span class='ocrx_word' id='word_1_139' title='bbox 200 2377 413 2446; x_wconf 87' lang='lat' dir='ltr'>fraudulentos,</span> <span class='ocrx_word' id='word_1_140' title='bbox 438 2375 618 2444; x_wconf 87' lang='lat' dir='ltr'>ambitiosos,</span> <span class='ocrx_word' id='word_1_141' title='bbox 643 2376 824 2445; x_wconf 70' lang='lat' dir='ltr'>temerarios</span> <span class='ocrx_word' id='word_1_142' title='bbox 848 2393 990 2446; x_wconf 91' lang='lat' dir='ltr'>morosos,</span> <span class='ocrx_word' id='word_1_143' title='bbox 1008 2377 1133 2448; x_wconf 90' lang='lat' dir='ltr'>invidos,</span> 
     </span>
     <span class='ocr_line' id='line_1_23' title="bbox 201 2470 1133 2544; baseline -0.002 -14"><span class='ocrx_word' id='word_1_144' title='bbox 201 2488 315 2540; x_wconf 91' lang='lat' dir='ltr'>avaros,</span> <span class='ocrx_word' id='word_1_145' title='bbox 333 2470 584 2543; x_wconf 91' lang='lat' dir='ltr'>quadruplatores,</span> <span class='ocrx_word' id='word_1_146' title='bbox 601 2486 756 2541; x_wconf 84' lang='lat' dir='ltr'>ganeones,</span> <span class='ocrx_word' id='word_1_147' title='bbox 775 2470 941 2542; x_wconf 71' lang='lat' dir='ltr'>sacrilegos</span> <span class='ocrx_word' id='word_1_148' title='bbox 955 2471 1133 2544; x_wconf 83' lang='lat' dir='ltr'>hypocritas,</span> 
     </span>
     <span class='ocr_line' id='line_1_24' title="bbox 199 2565 1135 2638; baseline 0 -14"><span class='ocrx_word' id='word_1_149' title='bbox 199 2567 375 2638; x_wconf 87' lang='lat' dir='ltr'>pertinaces,</span> <span class='ocrx_word' id='word_1_150' title='bbox 399 2566 575 2636; x_wconf 91' lang='lat' dir='ltr'>impostores</span> <span class='ocrx_word' id='word_1_151' title='bbox 599 2565 787 2621; x_wconf 83' lang='lat' dir='ltr'>elvitiorum</span> <span class='ocrx_word' id='word_1_152' title='bbox 813 2570 982 2623; x_wconf 90' lang='lat' dir='ltr'>cunctorum</span> <span class='ocrx_word' id='word_1_153' title='bbox 1005 2572 1135 2638; x_wconf 87' lang='lat' dir='ltr'>recepta·</span> 
     </span>
     <span class='ocr_line' id='line_1_25' title="bbox 201 2658 1135 2732; baseline 0 -14"><span class='ocrx_word' id='word_1_154' title='bbox 201 2661 267 2718; x_wconf 90' lang='lat' dir='ltr'>cula</span> <span class='ocrx_word' id='word_1_155' title='bbox 289 2664 427 2718; x_wconf 91' lang='lat' dir='ltr'>vocantes</span> <span class='ocrx_word' id='word_1_156' title='bbox 452 2675 507 2716; x_wconf 90' lang='lat' dir='ltr'>nec</span> <span class='ocrx_word' id='word_1_157' title='bbox 536 2675 619 2716; x_wconf 89' lang='lat' dir='ltr'>secus</span> <span class='ocrx_word' id='word_1_158' title='bbox 647 2658 685 2716; x_wconf 88' lang='lat' dir='ltr'>ad</span> <span class='ocrx_word' id='word_1_159' title='bbox 713 2659 866 2716; x_wconf 89' lang='lat' dir='ltr'>veritatem</span> <span class='ocrx_word' id='word_1_160' title='bbox 889 2676 974 2732; x_wconf 87' lang='lat' dir='ltr'>quarn</span> <span class='ocrx_word' id='word_1_161' title='bbox 996 2663 1135 2732; x_wconf 85' lang='lat' dir='ltr'>vesperti-</span> 
     </span>
    </p>

    <p class='ocr_par' dir='ltr' id='par_1_10' title="bbox 157 2753 1135 2919">
     <span class='ocr_line' id='line_1_26' title="bbox 157 2753 1135 2827; baseline -0.003 -11"><span class='ocrx_word' id='word_1_162' title='bbox 157 2775 185 2816; x_wconf 79' lang='lat' dir='ltr'>aa</span> <span class='ocrx_word' id='word_1_163' title='bbox 201 2756 296 2812; x_wconf 89' lang='lat' dir='ltr'>liones</span> <span class='ocrx_word' id='word_1_164' title='bbox 328 2754 366 2811; x_wconf 90' lang='lat' dir='ltr'>ad</span> <span class='ocrx_word' id='word_1_165' title='bbox 393 2753 492 2811; x_wconf 90' lang='lat' dir='ltr'>radios</span> <span class='ocrx_word' id='word_1_166' title='bbox 520 2753 631 2810; x_wconf 87' lang='lat' dir='ltr'>solares</span> <span class='ocrx_word' id='word_1_167' title='bbox 665 2754 810 2811; x_wconf 85' lang='lat' dir='ltr'>caecutire</span> <span class='ocrx_word' id='word_1_168' title='bbox 838 2754 1022 2827; x_wconf 63' lang='lat' dir='ltr'>adserentem</span> <span class='ocrx_word' id='word_1_169' title='bbox 1057 2756 1135 2827; x_wconf 87' lang='lat' dir='ltr'>quod</span> 
     </span>
     <span class='ocr_line' id='line_1_27' title="bbox 201 2846 673 2919; baseline -0.008 -13"><span class='ocrx_word' id='word_1_170' title='bbox 201 2855 300 2906; x_wconf 88' lang='lat' dir='ltr'>tamen</span> <span class='ocrx_word' id='word_1_171' title='bbox 323 2848 439 2919; x_wconf 89' lang='lat' dir='ltr'>impune</span> <span class='ocrx_word' id='word_1_172' title='bbox 462 2847 541 2905; x_wconf 92' lang='lat' dir='ltr'>haud</span> <span class='ocrx_word' id='word_1_173' title='bbox 563 2846 673 2904; x_wconf 83' lang='lat' dir='ltr'>ferent!</span> 
     </span>
    </p>
   </div>
   <div class='ocr_carea' id='block_1_7' title="bbox 156 2959 1135 3520">
    <p class='ocr_par' dir='ltr' id='par_1_11' title="bbox 200 2959 1135 3220">
     <span class='ocr_line' id='line_1_28' title="bbox 244 2959 1134 3032; baseline 0 -14"><span class='ocrx_word' id='word_1_174' title='bbox 244 2959 410 3018; x_wconf 84' lang='lat' dir='ltr'>Auditor.</span> <span class='ocrx_word' id='word_1_175' title='bbox 441 2959 538 3016; x_wconf 89' lang='lat' dir='ltr'>Minas</span> <span class='ocrx_word' id='word_1_176' title='bbox 570 2959 623 3016; x_wconf 92' lang='lat' dir='ltr'>has</span> <span class='ocrx_word' id='word_1_177' title='bbox 654 2976 759 3029; x_wconf 81' lang='lat' dir='ltr'>vanae,</span> <span class='ocrx_word' id='word_1_178' title='bbox 794 2976 865 3032; x_wconf 87' lang='lat' dir='ltr'>quas</span> <span class='ocrx_word' id='word_1_179' title='bbox 898 2976 983 3017; x_wconf 91' lang='lat' dir='ltr'>nemo</span> <span class='ocrx_word' id='word_1_180' title='bbox 1012 2961 1134 3032; x_wconf 88' lang='lat' dir='ltr'>amplius</span> 
     </span>
     <span class='ocr_line' id='line_1_29' title="bbox 200 3054 1135 3128; baseline 0.001 -16"><span class='ocrx_word' id='word_1_181' title='bbox 200 3054 350 3123; x_wconf 82' lang='lat' dir='ltr'>formidat,</span> <span class='ocrx_word' id='word_1_182' title='bbox 380 3054 496 3124; x_wconf 91' lang='lat' dir='ltr'>omitte,</span> <span class='ocrx_word' id='word_1_183' title='bbox 524 3058 554 3110; x_wconf 91' lang='lat' dir='ltr'>et</span> <span class='ocrx_word' id='word_1_184' title='bbox 581 3058 735 3126; x_wconf 88' lang='lat' dir='ltr'>postquam</span> <span class='ocrx_word' id='word_1_185' title='bbox 765 3055 897 3126; x_wconf 89' lang='lat' dir='ltr'>tyrannis</span> <span class='ocrx_word' id='word_1_186' title='bbox 925 3059 1023 3112; x_wconf 84' lang='lat' dir='ltr'>uestra</span> <span class='ocrx_word' id='word_1_187' title='bbox 1051 3054 1135 3128; x_wconf 90' lang='lat' dir='ltr'>culpa</span> 
     </span>
     <span class='ocr_line' id='line_1_30' title="bbox 201 3148 876 3220; baseline -0.004 -13"><span class='ocrx_word' id='word_1_188' title='bbox 201 3155 300 3207; x_wconf 89' lang='lat' dir='ltr'>vestra</span> <span class='ocrx_word' id='word_1_189' title='bbox 322 3149 442 3217; x_wconf 91' lang='lat' dir='ltr'>corruit,</span> <span class='ocrx_word' id='word_1_190' title='bbox 469 3148 612 3220; x_wconf 87' lang='lat' dir='ltr'>patientia</span> <span class='ocrx_word' id='word_1_191' title='bbox 636 3154 739 3206; x_wconf 90' lang='lat' dir='ltr'>cuncta</span> <span class='ocrx_word' id='word_1_192' title='bbox 761 3149 876 3206; x_wconf 90' lang='lat' dir='ltr'>vincite.</span> 
     </span>
    </p>

    <p class='ocr_par' dir='ltr' id='par_1_12' title="bbox 156 3250 1135 3419">
     <span class='ocr_line' id='line_1_31' title="bbox 156 3250 1135 3323; baseline -0.004 -9"><span class='ocrx_word' id='word_1_193' title='bbox 156 3272 185 3314; x_wconf 80' lang='lat' dir='ltr'>ao</span> <span class='ocrx_word' id='word_1_194' title='bbox 244 3251 388 3310; x_wconf 78' lang='lat' dir='ltr'>Eclriua</span> <span class='ocrx_word' id='word_1_195' title='bbox 417 3250 492 3320; x_wconf 90' lang='lat' dir='ltr'>Heu,</span> <span class='ocrx_word' id='word_1_196' title='bbox 527 3251 592 3320; x_wconf 86' lang='lat' dir='ltr'>heu,</span> <span class='ocrx_word' id='word_1_197' title='bbox 628 3255 657 3307; x_wconf 92' lang='lat' dir='ltr'>et</span> <span class='ocrx_word' id='word_1_198' title='bbox 684 3253 748 3323; x_wconf 89' lang='lat' dir='ltr'>quis</span> <span class='ocrx_word' id='word_1_199' title='bbox 780 3257 876 3309; x_wconf 86' lang='lat' dir='ltr'>tantas</span> <span class='ocrx_word' id='word_1_200' title='bbox 903 3251 1024 3310; x_wconf 90' lang='lat' dir='ltr'>iniurias</span> <span class='ocrx_word' id='word_1_201' title='bbox 1056 3250 1135 3310; x_wconf 85' lang='lat' dir='ltr'>ferre</span> 
     </span>
     <span class='ocr_line' id='line_1_32' title="bbox 200 3342 331 3419; baseline -0.023 -14"><span class='ocrx_word' id='word_1_202' title='bbox 200 3342 331 3419; x_wconf 83' lang='lat' dir='ltr'>poterit?</span> 
     </span>
    </p>

    <p class='ocr_par' dir='ltr' id='par_1_13' title="bbox 245 3447 718 3520">
     <span class='ocr_line' id='line_1_33' title="bbox 245 3447 718 3520; baseline -0.004 -14"><span class='ocrx_word' id='word_1_203' title='bbox 245 3449 407 3506; x_wconf 86' lang='lat' dir='ltr'>Auditor.</span> <span class='ocrx_word' id='word_1_204' title='bbox 432 3447 610 3520; x_wconf 81' lang='lat' dir='ltr'>Quicumque</span> <span class='ocrx_word' id='word_1_205' title='bbox 633 3449 718 3518; x_wconf 87' lang='lat' dir='ltr'>sapit.</span> 
     </span>
    </p>
   </div>
   <div class='ocr_carea' id='block_1_8' title="bbox 203 3549 1135 3716">
    <p class='ocr_par' dir='ltr' id='par_1_14' title="bbox 203 3549 1135 3716">
     <span class='ocr_line' id='line_1_34' title="bbox 245 3549 1135 3622; baseline -0.001 -12"><span class='ocrx_word' id='word_1_206' title='bbox 245 3551 386 3610; x_wconf 85' lang='lat' dir='ltr'>Eckius.</span> <span class='ocrx_word' id='word_1_207' title='bbox 412 3549 435 3608; x_wconf 91' lang='lat'>0</span> <span class='ocrx_word' id='word_1_208' title='bbox 459 3555 591 3622; x_wconf 88' lang='lat' dir='ltr'>tempora</span> <span class='ocrx_word' id='word_1_209' title='bbox 605 3551 774 3622; x_wconf 90' lang='lat' dir='ltr'>praeterita,</span> <span class='ocrx_word' id='word_1_210' title='bbox 799 3550 902 3622; x_wconf 88' lang='lat' dir='ltr'>quibus</span> <span class='ocrx_word' id='word_1_211' title='bbox 919 3551 1038 3622; x_wconf 88' lang='lat' dir='ltr'>caelum,</span> <span class='ocrx_word' id='word_1_212' title='bbox 1055 3567 1135 3610; x_wconf 90' lang='lat' dir='ltr'>mare</span> 
     </span>
     <span class='ocr_line' id='line_1_35' title="bbox 203 3644 859 3716; baseline -0.006 -11"><span class='ocrx_word' id='word_1_213' title='bbox 203 3653 232 3705; x_wconf 91' lang='lat' dir='ltr'>et</span> <span class='ocrx_word' id='word_1_214' title='bbox 254 3653 335 3704; x_wconf 86' lang='lat' dir='ltr'>terra</span> <span class='ocrx_word' id='word_1_215' title='bbox 357 3649 459 3702; x_wconf 92' lang='lat' dir='ltr'>nostro</span> <span class='ocrx_word' id='word_1_216' title='bbox 484 3644 702 3702; x_wconf 87' lang='lat' dir='ltr'>subiciebantur</span> <span class='ocrx_word' id='word_1_217' title='bbox 723 3645 859 3716; x_wconf 80' lang='lat' dir='ltr'>imperio!</span> 
     </span>
    </p>
   </div>
   <div class='ocr_carea' id='block_1_9' title="bbox 0 0 1392 4152">
    <p class='ocr_par' dir='ltr' id='par_1_15' title="bbox 0 0 1392 4152">
     <span class='ocr_line' id='line_1_36' title="bbox 0 0 1392 4152; baseline 0 0"><span class='ocrx_word' id='word_1_218' title='bbox 0 0 1392 4152; x_wconf 95' lang='lat' dir='ltr'> </span> 
     </span>
    </p>
   </div>
  </div>
 </body>
</html>
