<?xml version="1.0" encoding="UTF-8"?>
<!DOCTYPE html PUBLIC "-//W3C//DTD XHTML 1.0 Transitional//EN"
    "http://www.w3.org/TR/xhtml1/DTD/xhtml1-transitional.dtd">
<html xmlns="http://www.w3.org/1999/xhtml" xml:lang="en" lang="en">
 <head>
  <title>
</title>
<meta http-equiv="Content-Type" content="text/html;charset=utf-8" />
  <meta name='ocr-system' content='tesseract 3.04.00' />
  <meta name='ocr-capabilities' content='ocr_page ocr_carea ocr_par ocr_line ocrx_word'/>
</head>
<body>
  <div class='ocr_page' id='page_1' title='image "./eckivsdedolatvs01cottgoog_0070.png"; bbox 0 0 2774 4152; ppageno 0'>
   <div class='ocr_carea' id='block_1_1' title="bbox 472 169 1163 227">
    <p class='ocr_par' dir='ltr' id='par_1_1' title="bbox 472 169 1163 227">
     <span class='ocr_line' id='line_1_1' title="bbox 472 169 1163 227; baseline -0.001 -1"><span class='ocrx_word' id='word_1_1' title='bbox 472 181 556 227; x_wconf 83' lang='lat' dir='ltr'><strong>acxn</strong></span> <span class='ocrx_word' id='word_1_2' title='bbox 578 179 734 225; x_wconf 82' lang='lat' dir='ltr'><strong>annonam</strong></span> <span class='ocrx_word' id='word_1_3' title='bbox 758 179 881 224; x_wconf 77' lang='lat' dir='ltr'><strong>oasrro.</strong></span> <span class='ocrx_word' id='word_1_4' title='bbox 1123 169 1163 225; x_wconf 83' lang='lat'><strong>45</strong></span> 
     </span>
    </p>
   </div>
   <div class='ocr_carea' id='block_1_2' title="bbox 191 458 1168 828">
    <p class='ocr_par' dir='ltr' id='par_1_2' title="bbox 191 458 1166 526">
     <span class='ocr_line' id='line_1_2' title="bbox 191 458 1166 526; baseline 0.002 -12"><span class='ocrx_word' id='word_1_5' title='bbox 191 471 254 526; x_wconf 77' lang='lat' dir='ltr'><strong>[aja]</strong></span> <span class='ocrx_word' id='word_1_6' title='bbox 281 461 406 519; x_wconf 82' lang='lat' dir='ltr'><strong>Oratio</strong></span> <span class='ocrx_word' id='word_1_7' title='bbox 434 459 666 518; x_wconf 86' lang='lat' dir='ltr'><strong>famosissimi</strong></span> <span class='ocrx_word' id='word_1_8' title='bbox 695 459 765 515; x_wconf 88' lang='lat' dir='ltr'><strong>viri</strong></span> <span class='ocrx_word' id='word_1_9' title='bbox 792 458 898 515; x_wconf 87' lang='lat' dir='ltr'><strong>Eckii</strong></span> <span class='ocrx_word' id='word_1_10' title='bbox 931 458 1096 516; x_wconf 84' lang='lat' dir='ltr'><strong>dedolati</strong></span> <span class='ocrx_word' id='word_1_11' title='bbox 1124 458 1166 516; x_wconf 90' lang='lat' dir='ltr'><strong>ad</strong></span> 
     </span>
    </p>

    <p class='ocr_par' dir='ltr' id='par_1_3' title="bbox 235 561 1168 633">
     <span class='ocr_line' id='line_1_3' title="bbox 235 561 1168 633; baseline -0.003 -12"><span class='ocrx_word' id='word_1_12' title='bbox 235 564 465 622; x_wconf 89' lang='lat' dir='ltr'><strong>maiestatem</strong></span> <span class='ocrx_word' id='word_1_13' title='bbox 492 579 700 620; x_wconf 81' lang='lat' dir='ltr'>caesaream</span> <span class='ocrx_word' id='word_1_14' title='bbox 733 561 858 619; x_wconf 91' lang='lat' dir='ltr'><strong>habita</strong></span> <span class='ocrx_word' id='word_1_15' title='bbox 887 561 924 618; x_wconf 94' lang='lat' dir='ltr'><strong>in</strong></span> <span class='ocrx_word' id='word_1_16' title='bbox 956 562 1168 633; x_wconf 89' lang='lat' dir='ltr'><strong>praesentia</strong></span> 
     </span>
    </p>

    <p class='ocr_par' dir='ltr' id='par_1_4' title="bbox 264 665 1143 828">
     <span class='ocr_line' id='line_1_4' title="bbox 264 665 1143 725; baseline -0.003 0"><span class='ocrx_word' id='word_1_17' title='bbox 264 668 452 725; x_wconf 88' lang='lat' dir='ltr'><strong>multorum</strong></span> <span class='ocrx_word' id='word_1_18' title='bbox 481 666 764 724; x_wconf 91' lang='lat' dir='ltr'><strong>clarissimorum</strong></span> <span class='ocrx_word' id='word_1_19' title='bbox 791 669 827 723; x_wconf 92' lang='lat' dir='ltr'><strong>et</strong></span> <span class='ocrx_word' id='word_1_20' title='bbox 853 665 1143 724; x_wconf 84' lang='lat' dir='ltr'><strong>doctissimorum</strong></span> 
     </span>
     <span class='ocr_line' id='line_1_5' title="bbox 621 770 785 828; baseline -0.006 -1"><span class='ocrx_word' id='word_1_21' title='bbox 621 770 785 828; x_wconf 89' lang='lat' dir='ltr'><strong>virorum.</strong></span> 
     </span>
    </p>
   </div>
   <div class='ocr_carea' id='block_1_3' title="bbox 193 921 1174 3644">
    <p class='ocr_par' dir='ltr' id='par_1_5' title="bbox 205 921 1169 1376">
     <span class='ocr_line' id='line_1_6' title="bbox 205 921 1169 994; baseline -0.007 -8"><span class='ocrx_word' id='word_1_22' title='bbox 205 944 219 986; x_wconf 83' lang='lat' dir='ltr'><strong>a</strong></span> <span class='ocrx_word' id='word_1_23' title='bbox 278 924 301 983; x_wconf 93' lang='lat'>0</span> <span class='ocrx_word' id='word_1_24' title='bbox 324 923 547 992; x_wconf 85' lang='lat' dir='ltr'><strong>beneveneritis,</strong></span> <span class='ocrx_word' id='word_1_25' title='bbox 573 922 689 980; x_wconf 91' lang='lat' dir='ltr'><strong>domine</strong></span> <span class='ocrx_word' id='word_1_26' title='bbox 712 922 885 994; x_wconf 88' lang='lat' dir='ltr'><strong>imperatori</strong></span> <span class='ocrx_word' id='word_1_27' title='bbox 909 921 966 980; x_wconf 91' lang='lat' dir='ltr'><strong>Vbi</strong></span> <span class='ocrx_word' id='word_1_28' title='bbox 988 921 1085 980; x_wconf 88' lang='lat' dir='ltr'><strong>fuistis</strong></span> <span class='ocrx_word' id='word_1_29' title='bbox 1107 927 1169 980; x_wconf 93' lang='lat' dir='ltr'><strong>tan-</strong></span> 
     </span>
     <span class='ocr_line' id='line_1_7' title="bbox 238 1017 1169 1090; baseline -0.002 -14"><span class='ocrx_word' id='word_1_30' title='bbox 238 1017 318 1076; x_wconf 80' lang='lat' dir='ltr'><strong>turn?</strong></span> <span class='ocrx_word' id='word_1_31' title='bbox 345 1019 407 1076; x_wconf 90' lang='lat' dir='ltr'><strong>Nos</strong></span> <span class='ocrx_word' id='word_1_32' title='bbox 424 1019 474 1076; x_wconf 91' lang='lat' dir='ltr'><strong>diu</strong></span> <span class='ocrx_word' id='word_1_33' title='bbox 490 1019 731 1090; x_wconf 85' lang='lat' dir='ltr'><strong>exspectavimus,</strong></span> <span class='ocrx_word' id='word_1_34' title='bbox 749 1018 827 1090; x_wconf 88' lang='lat' dir='ltr'><strong>quod</strong></span> <span class='ocrx_word' id='word_1_35' title='bbox 843 1017 990 1076; x_wconf 88' lang='lat' dir='ltr'><strong>deberetis</strong></span> <span class='ocrx_word' id='word_1_36' title='bbox 1005 1018 1115 1087; x_wconf 86' lang='lat' dir='ltr'><strong>venire,</strong></span> <span class='ocrx_word' id='word_1_37' title='bbox 1140 1023 1169 1076; x_wconf 94' lang='lat' dir='ltr'><strong>et</strong></span> 
     </span>
     <span class='ocr_line' id='line_1_8' title="bbox 236 1112 1167 1182; baseline 0 -12"><span class='ocrx_word' id='word_1_38' title='bbox 236 1115 279 1172; x_wconf 88' lang='lat' dir='ltr'><strong>sio</strong></span> <span class='ocrx_word' id='word_1_39' title='bbox 301 1113 420 1172; x_wconf 89' lang='lat' dir='ltr'><strong>tandem</strong></span> <span class='ocrx_word' id='word_1_40' title='bbox 442 1113 572 1170; x_wconf 87' lang='lat' dir='ltr'><strong>venistis.</strong></span> <span class='ocrx_word' id='word_1_41' title='bbox 596 1112 680 1170; x_wconf 89' lang='lat' dir='ltr'><strong>Vnde</strong></span> <span class='ocrx_word' id='word_1_42' title='bbox 704 1129 803 1170; x_wconf 91' lang='lat' dir='ltr'><strong>omnes</strong></span> <span class='ocrx_word' id='word_1_43' title='bbox 826 1129 924 1170; x_wconf 88' lang='lat' dir='ltr'><strong>sumus</strong></span> <span class='ocrx_word' id='word_1_44' title='bbox 940 1113 1036 1170; x_wconf 90' lang='lat' dir='ltr'><strong>laetae</strong></span> <span class='ocrx_word' id='word_1_45' title='bbox 1052 1114 1167 1182; x_wconf 84' lang='lat' dir='ltr'><strong>mentis,</strong></span> 
     </span>
     <span class='ocr_line' id='line_1_9' title="bbox 236 1206 1169 1286; baseline 0 -20"><span class='ocrx_word' id='word_1_46' title='bbox 236 1209 288 1286; x_wconf 88' lang='lat' dir='ltr'><strong>qui</strong></span> <span class='ocrx_word' id='word_1_47' title='bbox 311 1209 543 1280; x_wconf 86' lang='lat' dir='ltr'><strong>exspectavimus</strong></span> <span class='ocrx_word' id='word_1_48' title='bbox 570 1207 801 1279; x_wconf 83' lang='lat' dir='ltr'><strong>redemptionem</strong></span> <span class='ocrx_word' id='word_1_49' title='bbox 823 1206 927 1276; x_wconf 90' lang='lat' dir='ltr'><strong>Israel,</strong></span> <span class='ocrx_word' id='word_1_50' title='bbox 957 1212 987 1264; x_wconf 89' lang='lat' dir='ltr'><strong>et</strong></span> <span class='ocrx_word' id='word_1_51' title='bbox 1011 1209 1169 1281; x_wconf 88' lang='lat' dir='ltr'><strong>praecipue</strong></span> 
     </span>
     <span class='ocr_line' id='line_1_10' title="bbox 237 1301 1169 1376; baseline -0.001 -15"><span class='ocrx_word' id='word_1_52' title='bbox 237 1320 300 1376; x_wconf 85' lang='lat' dir='ltr'><strong>ego,</strong></span> <span class='ocrx_word' id='word_1_53' title='bbox 319 1303 367 1376; x_wconf 89' lang='lat' dir='ltr'><strong>qui</strong></span> <span class='ocrx_word' id='word_1_54' title='bbox 382 1303 472 1361; x_wconf 92' lang='lat' dir='ltr'><strong>totius</strong></span> <span class='ocrx_word' id='word_1_55' title='bbox 488 1301 558 1360; x_wconf 88' lang='lat' dir='ltr'><strong>fidei</strong></span> <span class='ocrx_word' id='word_1_56' title='bbox 573 1307 775 1374; x_wconf 88' lang='lat' dir='ltr'><strong>propugnator</strong></span> <span class='ocrx_word' id='word_1_57' title='bbox 791 1306 893 1359; x_wconf 90' lang='lat' dir='ltr'><strong>contra</strong></span> <span class='ocrx_word' id='word_1_58' title='bbox 907 1301 981 1359; x_wconf 91' lang='lat' dir='ltr'><strong>istos</strong></span> <span class='ocrx_word' id='word_1_59' title='bbox 997 1302 1169 1360; x_wconf 89' lang='lat' dir='ltr'><strong>maledictos</strong></span> 
     </span>
    </p>

    <p class='ocr_par' dir='ltr' id='par_1_6' title="bbox 194 1396 1170 1849">
     <span class='ocr_line' id='line_1_11' title="bbox 194 1396 1168 1469; baseline -0.004 -11"><span class='ocrx_word' id='word_1_60' title='bbox 194 1417 222 1458; x_wconf 82' lang='lat' dir='ltr'><strong>ro</strong></span> <span class='ocrx_word' id='word_1_61' title='bbox 236 1397 411 1467; x_wconf 88' lang='lat' dir='ltr'><strong>haereticos,</strong></span> <span class='ocrx_word' id='word_1_62' title='bbox 436 1413 507 1469; x_wconf 88' lang='lat' dir='ltr'><strong>quos</strong></span> <span class='ocrx_word' id='word_1_63' title='bbox 524 1413 578 1469; x_wconf 88' lang='lat' dir='ltr'><strong>ego</strong></span> <span class='ocrx_word' id='word_1_64' title='bbox 594 1412 709 1468; x_wconf 91' lang='lat' dir='ltr'><strong>semper</strong></span> <span class='ocrx_word' id='word_1_65' title='bbox 724 1396 898 1468; x_wconf 82' lang='lat' dir='ltr'><strong>oppugnavi,</strong></span> <span class='ocrx_word' id='word_1_66' title='bbox 920 1397 1042 1454; x_wconf 89' lang='lat' dir='ltr'><strong>contrivi</strong></span> <span class='ocrx_word' id='word_1_67' title='bbox 1059 1401 1088 1454; x_wconf 92' lang='lat' dir='ltr'><strong>et</strong></span> <span class='ocrx_word' id='word_1_68' title='bbox 1103 1398 1168 1467; x_wconf 91' lang='lat' dir='ltr'><strong>vici,</strong></span> 
     </span>
     <span class='ocr_line' id='line_1_12' title="bbox 238 1490 1167 1563; baseline 0.001 -14"><span class='ocrx_word' id='word_1_69' title='bbox 238 1493 313 1550; x_wconf 90' lang='lat' dir='ltr'><strong>sicut</strong></span> <span class='ocrx_word' id='word_1_70' title='bbox 335 1509 435 1550; x_wconf 89' lang='lat' dir='ltr'><strong>omnes</strong></span> <span class='ocrx_word' id='word_1_71' title='bbox 450 1491 525 1549; x_wconf 88' lang='lat' dir='ltr'><strong>bene</strong></span> <span class='ocrx_word' id='word_1_72' title='bbox 542 1491 645 1549; x_wconf 83' lang='lat' dir='ltr'><strong>sciunt.</strong></span> <span class='ocrx_word' id='word_1_73' title='bbox 669 1490 711 1547; x_wconf 90' lang='lat' dir='ltr'><strong>Et</strong></span> <span class='ocrx_word' id='word_1_74' title='bbox 734 1491 758 1547; x_wconf 91' lang='lat' dir='ltr'><strong>si</strong></span> <span class='ocrx_word' id='word_1_75' title='bbox 774 1490 844 1547; x_wconf 92' lang='lat' dir='ltr'><strong>mihi</strong></span> <span class='ocrx_word' id='word_1_76' title='bbox 859 1507 919 1547; x_wconf 93' lang='lat' dir='ltr'><strong>non</strong></span> <span class='ocrx_word' id='word_1_77' title='bbox 933 1491 1020 1548; x_wconf 91' lang='lat' dir='ltr'><strong>vultis</strong></span> <span class='ocrx_word' id='word_1_78' title='bbox 1037 1492 1167 1563; x_wconf 89' lang='lat' dir='ltr'><strong>credere,</strong></span> 
     </span>
     <span class='ocr_line' id='line_1_13' title="bbox 237 1585 1170 1660; baseline 0.001 -17"><span class='ocrx_word' id='word_1_79' title='bbox 237 1592 306 1644; x_wconf 88' lang='lat' dir='ltr'><strong>tunc</strong></span> <span class='ocrx_word' id='word_1_80' title='bbox 327 1587 508 1659; x_wconf 84' lang='lat' dir='ltr'><strong>interrogate</strong></span> <span class='ocrx_word' id='word_1_81' title='bbox 532 1585 680 1643; x_wconf 91' lang='lat' dir='ltr'><strong>dominum</strong></span> <span class='ocrx_word' id='word_1_82' title='bbox 701 1602 816 1657; x_wconf 88' lang='lat' dir='ltr'><strong>papam,</strong></span> <span class='ocrx_word' id='word_1_83' title='bbox 841 1585 888 1657; x_wconf 88' lang='lat' dir='ltr'><strong>qui</strong></span> <span class='ocrx_word' id='word_1_84' title='bbox 911 1585 985 1643; x_wconf 89' lang='lat' dir='ltr'><strong>bene</strong></span> <span class='ocrx_word' id='word_1_85' title='bbox 1006 1587 1062 1643; x_wconf 90' lang='lat' dir='ltr'><strong>scit</strong></span> <span class='ocrx_word' id='word_1_86' title='bbox 1077 1591 1107 1644; x_wconf 93' lang='lat' dir='ltr'><strong>et</strong></span> <span class='ocrx_word' id='word_1_87' title='bbox 1122 1589 1170 1660; x_wconf 89' lang='lat' dir='ltr'><strong>qui</strong></span> 
     </span>
     <span class='ocr_line' id='line_1_14' title="bbox 238 1679 1169 1752; baseline 0.002 -14"><span class='ocrx_word' id='word_1_88' title='bbox 238 1681 309 1738; x_wconf 93' lang='lat' dir='ltr'><strong>mihi</strong></span> <span class='ocrx_word' id='word_1_89' title='bbox 331 1681 422 1739; x_wconf 89' lang='lat' dir='ltr'><strong>multa</strong></span> <span class='ocrx_word' id='word_1_90' title='bbox 443 1681 522 1738; x_wconf 93' lang='lat' dir='ltr'><strong>bona</strong></span> <span class='ocrx_word' id='word_1_91' title='bbox 543 1679 623 1749; x_wconf 89' lang='lat' dir='ltr'><strong>fecit,</strong></span> <span class='ocrx_word' id='word_1_92' title='bbox 647 1679 699 1737; x_wconf 88' lang='lat' dir='ltr'><strong>sed</strong></span> <span class='ocrx_word' id='word_1_93' title='bbox 721 1697 781 1738; x_wconf 93' lang='lat' dir='ltr'><strong>non</strong></span> <span class='ocrx_word' id='word_1_94' title='bbox 795 1685 849 1749; x_wconf 90' lang='lat' dir='ltr'><strong>tot,</strong></span> <span class='ocrx_word' id='word_1_95' title='bbox 873 1686 944 1752; x_wconf 90' lang='lat' dir='ltr'><strong>quot</strong></span> <span class='ocrx_word' id='word_1_96' title='bbox 959 1680 1110 1739; x_wconf 89' lang='lat' dir='ltr'><strong>debuisset</strong></span> <span class='ocrx_word' id='word_1_97' title='bbox 1132 1681 1169 1740; x_wconf 91' lang='lat' dir='ltr'><strong>ob</strong></span> 
     </span>
     <span class='ocr_line' id='line_1_15' title="bbox 237 1774 1170 1849; baseline 0.002 -17"><span class='ocrx_word' id='word_1_98' title='bbox 237 1775 342 1833; x_wconf 88' lang='lat' dir='ltr'><strong>merita</strong></span> <span class='ocrx_word' id='word_1_99' title='bbox 357 1791 430 1844; x_wconf 87' lang='lat' dir='ltr'><strong>mea,</strong></span> <span class='ocrx_word' id='word_1_100' title='bbox 448 1775 515 1847; x_wconf 90' lang='lat' dir='ltr'><strong>quia</strong></span> <span class='ocrx_word' id='word_1_101' title='bbox 531 1791 630 1832; x_wconf 91' lang='lat' dir='ltr'><strong>omnes</strong></span> <span class='ocrx_word' id='word_1_102' title='bbox 647 1774 697 1831; x_wconf 88' lang='lat' dir='ltr'><strong>alii</strong></span> <span class='ocrx_word' id='word_1_103' title='bbox 712 1774 842 1846; x_wconf 86' lang='lat' dir='ltr'><strong>theologi</strong></span> <span class='ocrx_word' id='word_1_104' title='bbox 858 1779 888 1832; x_wconf 91' lang='lat' dir='ltr'><strong>et</strong></span> <span class='ocrx_word' id='word_1_105' title='bbox 902 1775 1037 1833; x_wconf 92' lang='lat' dir='ltr'><strong>monachi</strong></span> <span class='ocrx_word' id='word_1_106' title='bbox 1053 1776 1170 1849; x_wconf 78' lang='lat' dir='ltr'><strong>audage-</strong></span> 
     </span>
    </p>

    <p class='ocr_par' dir='ltr' id='par_1_7' title="bbox 196 1868 1171 2322">
     <span class='ocr_line' id='line_1_16' title="bbox 196 1868 1171 1941; baseline -0.002 -11"><span class='ocrx_word' id='word_1_107' title='bbox 196 1889 224 1930; x_wconf 84' lang='lat'><strong>15</strong></span> <span class='ocrx_word' id='word_1_108' title='bbox 238 1875 306 1927; x_wconf 89' lang='lat' dir='ltr'><strong>runt</strong></span> <span class='ocrx_word' id='word_1_109' title='bbox 328 1886 346 1927; x_wconf 86' lang='lat' dir='ltr'><strong>a</strong></span> <span class='ocrx_word' id='word_1_110' title='bbox 368 1887 413 1927; x_wconf 90' lang='lat' dir='ltr'><strong>me</strong></span> <span class='ocrx_word' id='word_1_111' title='bbox 437 1874 467 1926; x_wconf 90' lang='lat' dir='ltr'><strong>et</strong></span> <span class='ocrx_word' id='word_1_112' title='bbox 488 1885 547 1927; x_wconf 93' lang='lat' dir='ltr'><strong>non</strong></span> <span class='ocrx_word' id='word_1_113' title='bbox 569 1868 625 1926; x_wconf 87' lang='lat' dir='ltr'><strong>fuit</strong></span> <span class='ocrx_word' id='word_1_114' title='bbox 647 1869 691 1925; x_wconf 90' lang='lat' dir='ltr'><strong>vir</strong></span> <span class='ocrx_word' id='word_1_115' title='bbox 712 1885 834 1938; x_wconf 88' lang='lat' dir='ltr'><strong>mecum,</strong></span> <span class='ocrx_word' id='word_1_116' title='bbox 863 1870 911 1941; x_wconf 89' lang='lat' dir='ltr'><strong>qui</strong></span> <span class='ocrx_word' id='word_1_117' title='bbox 934 1887 979 1927; x_wconf 93' lang='lat' dir='ltr'><strong>me</strong></span> <span class='ocrx_word' id='word_1_118' title='bbox 1003 1871 1171 1928; x_wconf 88' lang='lat' dir='ltr'><strong>adiuvasset</strong></span> 
     </span>
     <span class='ocr_line' id='line_1_17' title="bbox 237 1963 1168 2023; baseline 0.001 -1"><span class='ocrx_word' id='word_1_119' title='bbox 237 1969 339 2022; x_wconf 88' lang='lat' dir='ltr'><strong>contra</strong></span> <span class='ocrx_word' id='word_1_120' title='bbox 365 1964 530 2022; x_wconf 89' lang='lat' dir='ltr'><strong>haereticos</strong></span> <span class='ocrx_word' id='word_1_121' title='bbox 553 1964 635 2021; x_wconf 84' lang='lat' dir='ltr'><strong>istos</strong></span> <span class='ocrx_word' id='word_1_122' title='bbox 672 1963 729 2020; x_wconf 88' lang='lat' dir='ltr'><strong>Sed</strong></span> <span class='ocrx_word' id='word_1_123' title='bbox 757 1980 833 2020; x_wconf 87' lang='lat' dir='ltr'><strong>nunc</strong></span> <span class='ocrx_word' id='word_1_124' title='bbox 855 1964 939 2021; x_wconf 91' lang='lat' dir='ltr'><strong>venio</strong></span> <span class='ocrx_word' id='word_1_125' title='bbox 964 1963 1168 2023; x_wconf 85' lang='lat' dir='ltr'><strong>suffarcinatus</strong></span> 
     </span>
     <span class='ocr_line' id='line_1_18' title="bbox 238 2057 1170 2119; baseline 0.004 -4"><span class='ocrx_word' id='word_1_126' title='bbox 238 2059 335 2116; x_wconf 88' lang='lat' dir='ltr'><strong>multis</strong></span> <span class='ocrx_word' id='word_1_127' title='bbox 356 2057 530 2115; x_wconf 89' lang='lat' dir='ltr'><strong>satellitibus</strong></span> <span class='ocrx_word' id='word_1_128' title='bbox 552 2063 582 2115; x_wconf 91' lang='lat' dir='ltr'><strong>et</strong></span> <span class='ocrx_word' id='word_1_129' title='bbox 597 2057 671 2115; x_wconf 88' lang='lat' dir='ltr'><strong>duco</strong></span> <span class='ocrx_word' id='word_1_130' title='bbox 688 2075 801 2114; x_wconf 89' lang='lat' dir='ltr'><strong>mecum</strong></span> <span class='ocrx_word' id='word_1_131' title='bbox 816 2062 910 2114; x_wconf 91' lang='lat' dir='ltr'><strong>totum</strong></span> <span class='ocrx_word' id='word_1_132' title='bbox 927 2059 1087 2116; x_wconf 88' lang='lat' dir='ltr'><strong>exercitum</strong></span> <span class='ocrx_word' id='word_1_133' title='bbox 1103 2077 1170 2119; x_wconf 90' lang='lat' dir='ltr'><strong>con-</strong></span> 
     </span>
     <span class='ocr_line' id='line_1_19' title="bbox 238 2150 1170 2226; baseline 0.003 -16"><span class='ocrx_word' id='word_1_134' title='bbox 238 2153 399 2210; x_wconf 90' lang='lat' dir='ltr'><strong>clusionum</strong></span> <span class='ocrx_word' id='word_1_135' title='bbox 421 2157 524 2208; x_wconf 88' lang='lat' dir='ltr'><strong>contra</strong></span> <span class='ocrx_word' id='word_1_136' title='bbox 547 2150 716 2209; x_wconf 81' lang='lat' dir='ltr'><strong>omnifarios</strong></span> <span class='ocrx_word' id='word_1_137' title='bbox 739 2151 914 2221; x_wconf 88' lang='lat' dir='ltr'><strong>haereticos,</strong></span> <span class='ocrx_word' id='word_1_138' title='bbox 939 2152 1041 2224; x_wconf 89' lang='lat' dir='ltr'><strong>quibus</strong></span> <span class='ocrx_word' id='word_1_139' title='bbox 1058 2171 1112 2226; x_wconf 83' lang='lat' dir='ltr'><strong>ego</strong></span> <span class='ocrx_word' id='word_1_140' title='bbox 1128 2155 1170 2213; x_wconf 85' lang='lat' dir='ltr'><strong>ita</strong></span> 
     </span>
     <span class='ocr_line' id='line_1_20' title="bbox 239 2245 1171 2322; baseline 0.002 -17"><span class='ocrx_word' id='word_1_141' title='bbox 239 2248 303 2306; x_wconf 92' lang='lat' dir='ltr'><strong>volo</strong></span> <span class='ocrx_word' id='word_1_142' title='bbox 328 2263 379 2304; x_wconf 90' lang='lat' dir='ltr'><strong>eos</strong></span> <span class='ocrx_word' id='word_1_143' title='bbox 403 2245 591 2311; x_wconf 82' lang='lat' dir='ltr'><strong>confmrdere,</strong></span> <span class='ocrx_word' id='word_1_144' title='bbox 612 2251 645 2302; x_wconf 90' lang='lat' dir='ltr'><strong>ut</strong></span> <span class='ocrx_word' id='word_1_145' title='bbox 659 2246 801 2314; x_wconf 89' lang='lat' dir='ltr'><strong>nesciant,</strong></span> <span class='ocrx_word' id='word_1_146' title='bbox 825 2246 894 2318; x_wconf 90' lang='lat' dir='ltr'><strong>quid</strong></span> <span class='ocrx_word' id='word_1_147' title='bbox 910 2246 1038 2305; x_wconf 91' lang='lat' dir='ltr'><strong>debeant</strong></span> <span class='ocrx_word' id='word_1_148' title='bbox 1052 2266 1171 2322; x_wconf 90' lang='lat' dir='ltr'><strong>respon-</strong></span> 
     </span>
    </p>

    <p class='ocr_par' dir='ltr' id='par_1_8' title="bbox 193 2338 1173 2794">
     <span class='ocr_line' id='line_1_21' title="bbox 193 2338 1173 2417; baseline -0.001 -14"><span class='ocrx_word' id='word_1_149' title='bbox 193 2361 223 2403; x_wconf 82' lang='lat' dir='ltr'><strong>ao</strong></span> <span class='ocrx_word' id='word_1_150' title='bbox 240 2342 318 2411; x_wconf 88' lang='lat' dir='ltr'><strong>dere,</strong></span> <span class='ocrx_word' id='word_1_151' title='bbox 341 2346 372 2399; x_wconf 92' lang='lat' dir='ltr'><strong>et</strong></span> <span class='ocrx_word' id='word_1_152' title='bbox 386 2346 472 2398; x_wconf 87' lang='lat' dir='ltr'><strong>erunt</strong></span> <span class='ocrx_word' id='word_1_153' title='bbox 487 2357 586 2398; x_wconf 89' lang='lat' dir='ltr'><strong>omnes</strong></span> <span class='ocrx_word' id='word_1_154' title='bbox 603 2338 741 2412; x_wconf 83' lang='lat' dir='ltr'><strong>aufugere</strong></span> <span class='ocrx_word' id='word_1_155' title='bbox 757 2340 803 2398; x_wconf 91' lang='lat' dir='ltr'><strong>vel</strong></span> <span class='ocrx_word' id='word_1_156' title='bbox 817 2358 956 2399; x_wconf 88' lang='lat' dir='ltr'><strong>mussare.</strong></span> <span class='ocrx_word' id='word_1_157' title='bbox 981 2342 1090 2402; x_wconf 88' lang='lat' dir='ltr'><strong>Verum</strong></span> <span class='ocrx_word' id='word_1_158' title='bbox 1105 2346 1173 2417; x_wconf 90' lang='lat' dir='ltr'><strong>quia</strong></span> 
     </span>
     <span class='ocr_line' id='line_1_22' title="bbox 238 2435 1172 2512; baseline 0.004 -19"><span class='ocrx_word' id='word_1_159' title='bbox 238 2454 323 2495; x_wconf 92' lang='lat' dir='ltr'><strong>nemo</strong></span> <span class='ocrx_word' id='word_1_160' title='bbox 347 2440 465 2493; x_wconf 89' lang='lat' dir='ltr'><strong>tenetur</strong></span> <span class='ocrx_word' id='word_1_161' title='bbox 486 2435 612 2493; x_wconf 89' lang='lat' dir='ltr'><strong>militare</strong></span> <span class='ocrx_word' id='word_1_162' title='bbox 636 2435 696 2491; x_wconf 92' lang='lat' dir='ltr'><strong>suis</strong></span> <span class='ocrx_word' id='word_1_163' title='bbox 719 2436 863 2507; x_wconf 82' lang='lat' dir='ltr'><strong>expensis,</strong></span> <span class='ocrx_word' id='word_1_164' title='bbox 889 2453 942 2508; x_wconf 85' lang='lat' dir='ltr'><strong>ego</strong></span> <span class='ocrx_word' id='word_1_165' title='bbox 958 2438 1070 2508; x_wconf 90' lang='lat' dir='ltr'><strong>vellem,</strong></span> <span class='ocrx_word' id='word_1_166' title='bbox 1095 2440 1172 2512; x_wconf 87' lang='lat' dir='ltr'><strong>quod</strong></span> 
     </span>
     <span class='ocr_line' id='line_1_23' title="bbox 238 2529 1173 2605; baseline 0.002 -16"><span class='ocrx_word' id='word_1_167' title='bbox 238 2531 398 2590; x_wconf 91' lang='lat' dir='ltr'><strong>dominatio</strong></span> <span class='ocrx_word' id='word_1_168' title='bbox 421 2535 520 2588; x_wconf 88' lang='lat' dir='ltr'><strong>vestra</strong></span> <span class='ocrx_word' id='word_1_169' title='bbox 540 2529 694 2587; x_wconf 82' lang='lat' dir='ltr'><strong>adiuvaret</strong></span> <span class='ocrx_word' id='word_1_170' title='bbox 715 2546 760 2586; x_wconf 89' lang='lat' dir='ltr'><strong>me</strong></span> <span class='ocrx_word' id='word_1_171' title='bbox 784 2545 849 2587; x_wconf 94' lang='lat' dir='ltr'><strong>cum</strong></span> <span class='ocrx_word' id='word_1_172' title='bbox 870 2531 1006 2602; x_wconf 89' lang='lat' dir='ltr'><strong>pecunia,</strong></span> <span class='ocrx_word' id='word_1_173' title='bbox 1036 2533 1116 2605; x_wconf 93' lang='lat' dir='ltr'><strong>quia,</strong></span> <span class='ocrx_word' id='word_1_174' title='bbox 1140 2539 1173 2591; x_wconf 91' lang='lat' dir='ltr'><strong>ut</strong></span> 
     </span>
     <span class='ocr_line' id='line_1_24' title="bbox 240 2624 1171 2696; baseline 0.003 -13"><span class='ocrx_word' id='word_1_175' title='bbox 240 2626 335 2696; x_wconf 87' lang='lat' dir='ltr'><strong>scitis,</strong></span> <span class='ocrx_word' id='word_1_176' title='bbox 364 2625 423 2683; x_wconf 91' lang='lat' dir='ltr'><strong>iam</strong></span> <span class='ocrx_word' id='word_1_177' title='bbox 452 2629 519 2682; x_wconf 91' lang='lat' dir='ltr'><strong>sunt</strong></span> <span class='ocrx_word' id='word_1_178' title='bbox 545 2624 643 2682; x_wconf 88' lang='lat' dir='ltr'><strong>omnia</strong></span> <span class='ocrx_word' id='word_1_179' title='bbox 670 2639 739 2681; x_wconf 91' lang='lat' dir='ltr'><strong>cara</strong></span> <span class='ocrx_word' id='word_1_180' title='bbox 762 2628 792 2682; x_wconf 89' lang='lat' dir='ltr'><strong>et</strong></span> <span class='ocrx_word' id='word_1_181' title='bbox 812 2642 890 2696; x_wconf 91' lang='lat' dir='ltr'><strong>papa</strong></span> <span class='ocrx_word' id='word_1_182' title='bbox 916 2627 1087 2686; x_wconf 90' lang='lat' dir='ltr'><strong>nonhabet</strong></span> <span class='ocrx_word' id='word_1_183' title='bbox 1113 2629 1171 2686; x_wconf 90' lang='lat' dir='ltr'><strong>iam</strong></span> 
     </span>
     <span class='ocr_line' id='line_1_25' title="bbox 240 2719 1171 2794; baseline 0.004 -18"><span class='ocrx_word' id='word_1_184' title='bbox 240 2721 361 2778; x_wconf 92' lang='lat' dir='ltr'><strong>multum</strong></span> <span class='ocrx_word' id='word_1_185' title='bbox 383 2721 419 2778; x_wconf 92' lang='lat' dir='ltr'><strong>de</strong></span> <span class='ocrx_word' id='word_1_186' title='bbox 441 2720 579 2792; x_wconf 90' lang='lat' dir='ltr'><strong>pecunia,</strong></span> <span class='ocrx_word' id='word_1_187' title='bbox 609 2719 677 2791; x_wconf 89' lang='lat' dir='ltr'><strong>quia</strong></span> <span class='ocrx_word' id='word_1_188' title='bbox 699 2719 784 2789; x_wconf 91' lang='lat' dir='ltr'><strong>alias,</strong></span> <span class='ocrx_word' id='word_1_189' title='bbox 813 2719 888 2778; x_wconf 89' lang='lat' dir='ltr'><strong>bene</strong></span> <span class='ocrx_word' id='word_1_190' title='bbox 911 2721 986 2791; x_wconf 91' lang='lat' dir='ltr'><strong>scio,</strong></span> <span class='ocrx_word' id='word_1_191' title='bbox 1015 2722 1078 2794; x_wconf 90' lang='lat' dir='ltr'><strong>ipse</strong></span> <span class='ocrx_word' id='word_1_192' title='bbox 1101 2723 1171 2780; x_wconf 91' lang='lat' dir='ltr'><strong>mihi</strong></span> 
     </span>
    </p>

    <p class='ocr_par' dir='ltr' id='par_1_9' title="bbox 197 2814 1174 2887">
     <span class='ocr_line' id='line_1_26' title="bbox 197 2814 1174 2887; baseline 0.001 -13"><span class='ocrx_word' id='word_1_193' title='bbox 197 2833 227 2874; x_wconf 81' lang='lat' dir='ltr'><strong>aa</strong></span> <span class='ocrx_word' id='word_1_194' title='bbox 242 2819 433 2884; x_wconf 88' lang='lat' dir='ltr'><strong>succurreret,</strong></span> <span class='ocrx_word' id='word_1_195' title='bbox 458 2815 510 2872; x_wconf 91' lang='lat' dir='ltr'><strong>sed</strong></span> <span class='ocrx_word' id='word_1_196' title='bbox 532 2815 596 2886; x_wconf 89' lang='lat' dir='ltr'><strong>ipse</strong></span> <span class='ocrx_word' id='word_1_197' title='bbox 620 2814 735 2886; x_wconf 83' lang='lat' dir='ltr'><strong>cogitur</strong></span> <span class='ocrx_word' id='word_1_198' title='bbox 753 2815 874 2872; x_wconf 90' lang='lat' dir='ltr'><strong>multum</strong></span> <span class='ocrx_word' id='word_1_199' title='bbox 890 2816 1055 2887; x_wconf 91' lang='lat' dir='ltr'><strong>expendere</strong></span> <span class='ocrx_word' id='word_1_200' title='bbox 1072 2823 1174 2877; x_wconf 86' lang='lat' dir='ltr'><strong>contra</strong></span> 
     </span>
    </p>

    <p class='ocr_par' dir='ltr' id='par_1_10' title="bbox 195 2905 1174 3264">
     <span class='ocr_line' id='line_1_27' title="bbox 195 2905 1170 2988; baseline 0.009 -27"><span class='ocrx_word' id='word_1_201' title='bbox 195 2918 257 2974; x_wconf 78' lang='lat' dir='ltr'><strong>[aja]</strong></span> <span class='ocrx_word' id='word_1_202' title='bbox 280 2907 480 2980; x_wconf 88' lang='lat' dir='ltr'><strong>Florentinos;</strong></span> <span class='ocrx_word' id='word_1_203' title='bbox 501 2913 532 2966; x_wconf 93' lang='lat' dir='ltr'><strong>et</strong></span> <span class='ocrx_word' id='word_1_204' title='bbox 549 2913 654 2981; x_wconf 90' lang='lat' dir='ltr'><strong>postea</strong></span> <span class='ocrx_word' id='word_1_205' title='bbox 675 2905 724 2982; x_wconf 53' lang='lat' dir='ltr'><strong>est,</strong></span> <span class='ocrx_word' id='word_1_206' title='bbox 740 2909 830 2967; x_wconf 90' lang='lat' dir='ltr'><strong>etiam</strong></span> <span class='ocrx_word' id='word_1_207' title='bbox 852 2905 966 2988; x_wconf 64' lang='lat' dir='ltr'><strong>mafgna</strong></span> <span class='ocrx_word' id='word_1_208' title='bbox 985 2913 1170 2982; x_wconf 89' lang='lat' dir='ltr'><strong>verecundia,</strong></span> 
     </span>
     <span class='ocr_line' id='line_1_28' title="bbox 242 3001 1173 3076; baseline 0.005 -17"><span class='ocrx_word' id='word_1_209' title='bbox 242 3002 320 3076; x_wconf 87' lang='lat' dir='ltr'><strong>quod</strong></span> <span class='ocrx_word' id='word_1_210' title='bbox 342 3002 400 3058; x_wconf 92' lang='lat' dir='ltr'><strong>iam</strong></span> <span class='ocrx_word' id='word_1_211' title='bbox 422 3001 470 3058; x_wconf 89' lang='lat' dir='ltr'><strong>hic</strong></span> <span class='ocrx_word' id='word_1_212' title='bbox 498 3007 565 3059; x_wconf 81' lang='lat' dir='ltr'><strong>sunt</strong></span> <span class='ocrx_word' id='word_1_213' title='bbox 586 3003 668 3060; x_wconf 91' lang='lat' dir='ltr'><strong>multi</strong></span> <span class='ocrx_word' id='word_1_214' title='bbox 691 3004 835 3076; x_wconf 91' lang='lat' dir='ltr'><strong>episcopi,</strong></span> <span class='ocrx_word' id='word_1_215' title='bbox 865 3005 913 3076; x_wconf 89' lang='lat' dir='ltr'><strong>qui</strong></span> <span class='ocrx_word' id='word_1_216' title='bbox 936 3022 1001 3062; x_wconf 91' lang='lat' dir='ltr'><strong>cum</strong></span> <span class='ocrx_word' id='word_1_217' title='bbox 1023 3007 1120 3064; x_wconf 91' lang='lat' dir='ltr'><strong>multis</strong></span> <span class='ocrx_word' id='word_1_218' title='bbox 1144 3014 1173 3066; x_wconf 92' lang='lat' dir='ltr'><strong>et</strong></span> 
     </span>
     <span class='ocr_line' id='line_1_29' title="bbox 242 3095 1174 3170; baseline 0.006 -16"><span class='ocrx_word' id='word_1_219' title='bbox 242 3113 330 3170; x_wconf 87' lang='lat' dir='ltr'><strong>super</strong></span> <span class='ocrx_word' id='word_1_220' title='bbox 351 3095 463 3168; x_wconf 82' lang='lat' dir='ltr'><strong>magnis</strong></span> <span class='ocrx_word' id='word_1_221' title='bbox 487 3096 617 3167; x_wconf 88' lang='lat' dir='ltr'><strong>equitant</strong></span> <span class='ocrx_word' id='word_1_222' title='bbox 632 3099 722 3168; x_wconf 90' lang='lat' dir='ltr'><strong>equis,</strong></span> <span class='ocrx_word' id='word_1_223' title='bbox 747 3098 795 3170; x_wconf 86' lang='lat' dir='ltr'><strong>qui</strong></span> <span class='ocrx_word' id='word_1_224' title='bbox 814 3116 873 3156; x_wconf 94' lang='lat' dir='ltr'><strong>non</strong></span> <span class='ocrx_word' id='word_1_225' title='bbox 888 3104 955 3156; x_wconf 90' lang='lat' dir='ltr'><strong>sunt</strong></span> <span class='ocrx_word' id='word_1_226' title='bbox 969 3101 1012 3156; x_wconf 87' lang='lat' dir='ltr'><strong>ita</strong></span> <span class='ocrx_word' id='word_1_227' title='bbox 1028 3099 1107 3158; x_wconf 91' lang='lat' dir='ltr'><strong>docti</strong></span> <span class='ocrx_word' id='word_1_228' title='bbox 1123 3108 1174 3160; x_wconf 91' lang='lat' dir='ltr'><strong>aut</strong></span> 
     </span>
     <span class='ocr_line' id='line_1_30' title="bbox 242 3190 1173 3264; baseline 0.008 -16"><span class='ocrx_word' id='word_1_229' title='bbox 242 3190 400 3264; x_wconf 86' lang='lat' dir='ltr'><strong>qualificati</strong></span> <span class='ocrx_word' id='word_1_230' title='bbox 432 3190 508 3247; x_wconf 89' lang='lat' dir='ltr'><strong>siout</strong></span> <span class='ocrx_word' id='word_1_231' title='bbox 535 3207 588 3262; x_wconf 84' lang='lat' dir='ltr'><strong>ego</strong></span> <span class='ocrx_word' id='word_1_232' title='bbox 616 3208 669 3248; x_wconf 90' lang='lat' dir='ltr'><strong>neo</strong></span> <span class='ocrx_word' id='word_1_233' title='bbox 700 3193 796 3250; x_wconf 91' lang='lat' dir='ltr'><strong>sciunt</strong></span> <span class='ocrx_word' id='word_1_234' title='bbox 818 3197 921 3251; x_wconf 89' lang='lat' dir='ltr'><strong>contra</strong></span> <span class='ocrx_word' id='word_1_235' title='bbox 943 3195 1107 3254; x_wconf 87' lang='lat' dir='ltr'><strong>haereticos</strong></span> <span class='ocrx_word' id='word_1_236' title='bbox 1131 3198 1173 3254; x_wconf 92' lang='lat' dir='ltr'><strong>sic</strong></span> 
     </span>
    </p>

    <p class='ocr_par' dir='ltr' id='par_1_11' title="bbox 198 3285 1174 3644">
     <span class='ocr_line' id='line_1_31' title="bbox 198 3285 1174 3363; baseline 0.004 -19"><span class='ocrx_word' id='word_1_237' title='bbox 198 3287 315 3349; x_wconf 73' lang='lat' dir='ltr'><strong>sobene</strong></span> <span class='ocrx_word' id='word_1_238' title='bbox 338 3301 477 3358; x_wconf 85' lang='lat' dir='ltr'><strong>pugnare,</strong></span> <span class='ocrx_word' id='word_1_239' title='bbox 506 3289 536 3342; x_wconf 91' lang='lat' dir='ltr'><strong>et</strong></span> <span class='ocrx_word' id='word_1_240' title='bbox 563 3301 616 3356; x_wconf 82' lang='lat' dir='ltr'><strong>ego</strong></span> <span class='ocrx_word' id='word_1_241' title='bbox 639 3285 734 3344; x_wconf 90' lang='lat' dir='ltr'><strong>habeo</strong></span> <span class='ocrx_word' id='word_1_242' title='bbox 758 3288 806 3344; x_wconf 90' lang='lat' dir='ltr'><strong>vix</strong></span> <span class='ocrx_word' id='word_1_243' title='bbox 828 3305 916 3344; x_wconf 92' lang='lat' dir='ltr'><strong>unum</strong></span> <span class='ocrx_word' id='word_1_244' title='bbox 939 3306 1055 3362; x_wconf 89' lang='lat' dir='ltr'><strong>equum,</strong></span> <span class='ocrx_word' id='word_1_245' title='bbox 1086 3309 1174 3363; x_wconf 87' lang='lat' dir='ltr'><strong>super</strong></span> 
     </span>
     <span class='ocr_line' id='line_1_32' title="bbox 241 3381 1173 3458; baseline 0.006 -20"><span class='ocrx_word' id='word_1_246' title='bbox 241 3398 325 3455; x_wconf 88' lang='lat' dir='ltr'><strong>quem</strong></span> <span class='ocrx_word' id='word_1_247' title='bbox 349 3381 456 3453; x_wconf 81' lang='lat' dir='ltr'><strong>aquito,</strong></span> <span class='ocrx_word' id='word_1_248' title='bbox 481 3383 511 3437; x_wconf 91' lang='lat' dir='ltr'><strong>et</strong></span> <span class='ocrx_word' id='word_1_249' title='bbox 532 3384 631 3438; x_wconf 88' lang='lat' dir='ltr'><strong>tamen</strong></span> <span class='ocrx_word' id='word_1_250' title='bbox 652 3398 711 3439; x_wconf 94' lang='lat' dir='ltr'><strong>non</strong></span> <span class='ocrx_word' id='word_1_251' title='bbox 734 3387 779 3438; x_wconf 92' lang='lat' dir='ltr'><strong>est</strong></span> <span class='ocrx_word' id='word_1_252' title='bbox 801 3399 890 3452; x_wconf 84' lang='lat' dir='ltr'><strong>meua,</strong></span> <span class='ocrx_word' id='word_1_253' title='bbox 915 3385 968 3442; x_wconf 91' lang='lat' dir='ltr'><strong>sed</strong></span> <span class='ocrx_word' id='word_1_254' title='bbox 983 3387 1084 3458; x_wconf 87' lang='lat' dir='ltr'><strong>accepi</strong></span> <span class='ocrx_word' id='word_1_255' title='bbox 1107 3404 1173 3444; x_wconf 92' lang='lat' dir='ltr'><strong>eum</strong></span> 
     </span>
     <span class='ocr_line' id='line_1_33' title="bbox 241 3473 1173 3548; baseline 0.005 -14"><span class='ocrx_word' id='word_1_256' title='bbox 241 3482 340 3534; x_wconf 90' lang='lat' dir='ltr'><strong>mutuo</strong></span> <span class='ocrx_word' id='word_1_257' title='bbox 357 3493 375 3533; x_wconf 89' lang='lat' dir='ltr'><strong>a</strong></span> <span class='ocrx_word' id='word_1_258' title='bbox 391 3473 526 3532; x_wconf 90' lang='lat' dir='ltr'><strong>carnifice</strong></span> <span class='ocrx_word' id='word_1_259' title='bbox 543 3491 617 3544; x_wconf 90' lang='lat' dir='ltr'><strong>meo,</strong></span> <span class='ocrx_word' id='word_1_260' title='bbox 638 3492 728 3548; x_wconf 89' lang='lat' dir='ltr'><strong>aquo</strong></span> <span class='ocrx_word' id='word_1_261' title='bbox 745 3493 847 3535; x_wconf 86' lang='lat' dir='ltr'><strong>earnes</strong></span> <span class='ocrx_word' id='word_1_262' title='bbox 863 3495 937 3536; x_wconf 89' lang='lat' dir='ltr'><strong>emo.</strong></span> <span class='ocrx_word' id='word_1_263' title='bbox 962 3478 1021 3538; x_wconf 82' lang='lat' dir='ltr'><strong>Sed</strong></span> <span class='ocrx_word' id='word_1_264' title='bbox 1035 3481 1173 3539; x_wconf 88' lang='lat' dir='ltr'><strong>libentius</strong></span> 
     </span>
     <span class='ocr_line' id='line_1_34' title="bbox 241 3569 1174 3644; baseline 0.005 -16"><span class='ocrx_word' id='word_1_265' title='bbox 241 3571 342 3630; x_wconf 88' lang='lat' dir='ltr'><strong>vellem</strong></span> <span class='ocrx_word' id='word_1_266' title='bbox 355 3570 463 3629; x_wconf 85' lang='lat' dir='ltr'><strong>habere</strong></span> <span class='ocrx_word' id='word_1_267' title='bbox 475 3569 627 3641; x_wconf 90' lang='lat' dir='ltr'><strong>pulchrum</strong></span> <span class='ocrx_word' id='word_1_268' title='bbox 642 3570 764 3640; x_wconf 87' lang='lat' dir='ltr'><strong>asinum,</strong></span> <span class='ocrx_word' id='word_1_269' title='bbox 782 3572 830 3644; x_wconf 89' lang='lat' dir='ltr'><strong>qui</strong></span> <span class='ocrx_word' id='word_1_270' title='bbox 845 3589 947 3630; x_wconf 90' lang='lat' dir='ltr'><strong>carnes</strong></span> <span class='ocrx_word' id='word_1_271' title='bbox 960 3575 1087 3634; x_wconf 90' lang='lat' dir='ltr'><strong>asininas</strong></span> <span class='ocrx_word' id='word_1_272' title='bbox 1100 3575 1174 3633; x_wconf 92' lang='lat' dir='ltr'><strong>bene</strong></span> 
     </span>
    </p>
   </div>
   <div class='ocr_carea' id='block_1_4' title="bbox 0 0 1392 4152">
    <p class='ocr_par' dir='ltr' id='par_1_12' title="bbox 0 0 1392 4152">
     <span class='ocr_line' id='line_1_35' title="bbox 0 0 1392 4152; baseline 0 0"><span class='ocrx_word' id='word_1_273' title='bbox 0 0 1392 4152; x_wconf 95' lang='lat' dir='ltr'><strong> </strong></span> 
     </span>
    </p>
   </div>
  </div>
 </body>
</html>
