2774 4152
505 211 615 256 ncrrvs
637 209 828 255 nnnonrrvs.
1113 197 1151 254 37

218 389 297 447 voris
319 388 456 457 lacrimis,
481 403 551 460 quas
575 392 605 444 et
627 386 725 457 opium
747 390 867 455 vocant,
895 401 955 443 non
981 385 1045 456 plus
1070 401 1154 457 quam

219 483 338 542 talentis
361 481 464 553 tribus,
487 481 546 538 vini
570 486 708 553 quantum
731 478 847 537 sufficit.

261 595 403 652 Eckius.
427 593 556 651 Nimium
578 592 701 650 videtur.

264 697 467 769 Chirurgus.
493 694 628 768 Confide3
656 695 712 752 hac
735 695 811 752 enirn
833 694 961 751 mixtura
982 693 1046 766 plus
1070 710 1155 766 quam

189 798 335 855 acentum
362 791 493 848 homines
517 791 555 848 ad
577 789 709 847 Lethaea
732 790 845 846 detrusi
866 787 984 846 fluenta.

262 895 404 953 Eckius
430 893 488 954 Sed
510 894 639 966 nunquid
662 894 742 952 ahud
763 893 866 963 faciet,
896 910 981 966 quam
1004 893 1088 966 quod
1107 910 1154 951 so-

218 1007 322 1064 porem
343 987 483 1046 inducet?

263 1093 470 1165 Chirurgus.
495 1091 642 1150 Vomitum
665 1091 793 1149 movebit
807 1092 920 1164 pariter
941 1096 971 1149 et
985 1091 1079 1148 alvum
1096 1091 1155 1149 dei-

218 1189 284 1246 ciet.
309 1187 368 1245 Sed
389 1187 448 1244 iam
471 1181 643 1265 φάρμακον
665 1185 788 1244 adferte.

174 1319 204 1361 10
262 1299 405 1356 Eckius.
423 1298 491 1367 Hui,
507 1297 705 1370 potiunculam
721 1297 848 1367 diceban,
875 1298 1016 1370 amphora
1030 1297 1154 1355 videtur.

264 1393 467 1464 Chirurgus.
493 1391 568 1462 Quin
590 1397 622 1448 tu
646 1392 750 1449 clausis
767 1393 858 1449 oculis
874 1392 1068 1464 obturatoque
1083 1408 1155 1450 naso

221 1487 333 1546 sorbes

263 1591 407 1648 Eckius
432 1589 517 1648 cher

264 1693 465 1766 Chirurges.
494 1692 650 1762 Ructatur,
678 1692 753 1750 bene
781 1697 834 1750 est.
863 1693 908 1750 Ne
931 1697 973 1762 te,
1001 1696 1156 1764 postquam

177 1809 205 1851 15
220 1789 332 1858 bibisti,
356 1802 492 1845 evomere
513 1787 632 1859 pudeat.
1091 1805 1093 1810 ¹

263 1891 386 1948 Amici.
411 1889 478 1958 Pro,
504 1889 544 1946 dii
571 1888 764 1959 immortales,
795 1889 863 1962 quid
885 1889 1158 1946 inter‘vomendum

221 2003 258 2044 ex
282 2001 332 2042 ore
354 1981 482 2042 labitur?

265 2087 469 2159 Chirurgus.
500 2086 583 2144 Haec
617 2086 785 2144 dialectices
820 2092 850 2143 et
875 2085 1015 2158 physicae
1049 2085 1157 2142 anstul-

219 2183 341 2242 tationis
364 2181 573 2238 commentaria
595 2185 670 2237 sunt.

173 2308 204 2350 20
263 2284 384 2344 Amici.
409 2283 488 2342 Male
512 2288 652 2341 concocta
674 2283 817 2340 videntur.
911 2315 913 2334 2

264 2388 467 2459 Chirurgus.
492 2385 539 2444 Ita
560 2390 593 2442 ut
616 2386 744 2454 cernitis,
769 2402 816 2442 res
840 2383 992 2442 sehabet.

263 2492 388 2548 Amici.
413 2491 472 2549 Sed
495 2496 525 2548 et
546 2491 664 2548 litterae
686 2490 873 2547 intermixtae
898 2493 964 2546 sunt
987 2488 1127 2546 Graecae.

264 2594 469 2667 Chirurgus.
493 2594 639 2666 Negativa
662 2598 707 2651 est
727 2593 886 2666 theologia.
1073 2590 1074 2594 ’

262 2697 390 2754 Amici.
415 2696 523 2768 Papae,
548 2695 616 2768 quin
638 2695 759 2752 rubeum
783 2696 870 2753 eiecit
891 2694 1026 2752 biretum.

174 2820 204 2864 25
264 2799 467 2872 Chirurgus.
497 2799 573 2855 iuris
601 2799 734 2856 canonici
761 2798 932 2858 doctoratus
960 2801 1021 2854 est.
1042 2794 1157 2852 Videtis

217 2912 302 2964 nunc,
328 2910 413 2966 quam
428 2894 615 2952 vehementer
629 2893 703 2950 haec
718 2893 815 2951 omnia
838 2891 1020 2950 stomachum
1040 2906 1157 2962 oppres-

220 2985 340 3048 serunt?
614 3064 616 3068 Ι
647 3065 656 3070 ,

262 3091 384 3149 Amici.
411 3089 576 3161 Cernimus,
605 3095 635 3148 et
660 3091 740 3148 haud
761 3091 873 3172 mirum,
899 3089 924 3146 si
946 3087 1157 3160 aegrotaverit;

220 3187 313 3259 magis
336 3185 508 3255 mirandum,
534 3203 589 3258 quo
612 3191 699 3258 pacto
722 3186 819 3243 vivere
842 3183 980 3257 potuerit.

175 3316 205 3358 30
264 3296 466 3370 Chirurgus.
491 3297 525 3354 In
541 3303 672 3370 tempore
689 3297 802 3355 adveni.
831 3296 889 3354 Sed
903 3312 980 3353 nunc
995 3294 1157 3352 medicinae

220 3392 263 3450 ris
287 3393 325 3450 ad
347 3391 489 3450 inferiora
512 3392 672 3450 descendit.
697 3388 852 3449 Audistis?
876 3391 938 3448 Iam
954 3391 1062 3448 oletum
1077 3387 1156 3446 fecit.

263 3504 386 3562 Amici.
412 3503 488 3574 Quin
511 3505 688 3562 concacavit.
713 3503 786 3574 Hui,
815 3508 939 3576 quantus
966 3501 1057 3584 fetor!
1080 3501 1158 3560 Num

220 3597 308 3657 bilem
332 3597 460 3673 egessit?
